"index","codec","type","preset","threads","infile_options","outfile_filename","outfile_size_kbyte","outfile_bit_rate_kbs","outfile_options","elapsed_encode_second","elapsed_encode_time","compression_ratio_persent","compression_speed","ssim_min","ssim_harmonic_mean","vmaf_min","vmaf_harmonic_mean"
0,"h264_qsv","h264_qsv_LA-ICQ","veryslow",4,"-hwaccel qsv -c:v mpeg2_qsv","videos/dist/h264_qsv_bf_refs/0872966f950a",128750.080078125,8581.908203125,"-global_quality 25 -look_ahead 1",12.04242992401123,"00:00:12",0.49794529364904083,9.966427104607337,0.985208,0.995797,76.3983,96.605359
1,"h264_qsv","h264_qsv_LA-ICQ","veryslow",4,"-hwaccel qsv -c:v mpeg2_qsv","videos/dist/h264_qsv_bf_refs/68f98b9312f3",160722.296875,10713.0341796875,"-global_quality 25 -look_ahead 1 -bf 1 -refs 1",11.100745439529419,"00:00:11",0.37327118155836003,10.81188652183775,0.988012,0.996225,78.353801,97.0159
2,"h264_qsv","h264_qsv_LA-ICQ","veryslow",4,"-hwaccel qsv -c:v mpeg2_qsv","videos/dist/h264_qsv_bf_refs/373090046c6e",147562.0673828125,9835.8310546875,"-global_quality 25 -look_ahead 1 -bf 1 -refs 2",11.105489730834961,"00:00:11",0.4245888595683639,10.807267658512917,0.987724,0.996387,78.940621,97.058124
3,"h264_qsv","h264_qsv_LA-ICQ","veryslow",4,"-hwaccel qsv -c:v mpeg2_qsv","videos/dist/h264_qsv_bf_refs/bf8b5e975df7",147562.0673828125,9835.8310546875,"-global_quality 25 -look_ahead 1 -bf 1 -refs 3",11.112641334533691,"00:00:11",0.4245888595683639,10.80031257978473,0.987724,0.996387,78.940621,97.058124
4,"h264_qsv","h264_qsv_LA-ICQ","veryslow",4,"-hwaccel qsv -c:v mpeg2_qsv","videos/dist/h264_qsv_bf_refs/12dcc2f0f2ad",147562.0673828125,9835.8310546875,"-global_quality 25 -look_ahead 1 -bf 1 -refs 4",11.109976053237915,"00:00:11",0.4245888595683639,10.802903572867837,0.987724,0.996387,78.940621,97.058124
5,"h264_qsv","h264_qsv_LA-ICQ","veryslow",4,"-hwaccel qsv -c:v mpeg2_qsv","videos/dist/h264_qsv_bf_refs/0b4911d95eb4",147562.0673828125,9835.8310546875,"-global_quality 25 -look_ahead 1 -bf 1 -refs 5",11.107052087783813,"00:00:11",0.4245888595683639,10.805747470294573,0.987724,0.996387,78.940621,97.058124
6,"h264_qsv","h264_qsv_LA-ICQ","veryslow",4,"-hwaccel qsv -c:v mpeg2_qsv","videos/dist/h264_qsv_bf_refs/1980226cd4ae",147562.0673828125,9835.8310546875,"-global_quality 25 -look_ahead 1 -bf 1 -refs 6",11.11379861831665,"00:00:11",0.4245888595683639,10.799187939413896,0.987724,0.996387,78.940621,97.058124
7,"h264_qsv","h264_qsv_LA-ICQ","veryslow",4,"-hwaccel qsv -c:v mpeg2_qsv","videos/dist/h264_qsv_bf_refs/782b8833dc3b",147562.0830078125,9835.83203125,"-global_quality 25 -look_ahead 1 -bf 1 -refs 7",11.112550020217896,"00:00:11",0.42458879863943255,10.80040132837545,0.987724,0.996387,78.940621,97.058124
8,"h264_qsv","h264_qsv_LA-ICQ","veryslow",4,"-hwaccel qsv -c:v mpeg2_qsv","videos/dist/h264_qsv_bf_refs/1acf66cfc132",147562.0830078125,9835.83203125,"-global_quality 25 -look_ahead 1 -bf 1 -refs 8",11.103153228759766,"00:00:11",0.42458879863943255,10.80954189564097,0.987724,0.996387,78.940621,97.058124
9,"h264_qsv","h264_qsv_LA-ICQ","veryslow",4,"-hwaccel qsv -c:v mpeg2_qsv","videos/dist/h264_qsv_bf_refs/0b5958480143",147562.0830078125,9835.83203125,"-global_quality 25 -look_ahead 1 -bf 1 -refs 9",11.107594966888428,"00:00:11",0.42458879863943255,10.805219343861367,0.987724,0.996387,78.940621,97.058124
10,"h264_qsv","h264_qsv_LA-ICQ","veryslow",4,"-hwaccel qsv -c:v mpeg2_qsv","videos/dist/h264_qsv_bf_refs/1513ea8c8d82",147562.0830078125,9835.83203125,"-global_quality 25 -look_ahead 1 -bf 1 -refs 10",11.105293035507202,"00:00:11",0.42458879863943255,10.807459075258741,0.987724,0.996387,78.940621,97.058124
11,"h264_qsv","h264_qsv_LA-ICQ","veryslow",4,"-hwaccel qsv -c:v mpeg2_qsv","videos/dist/h264_qsv_bf_refs/03478cb63f1f",147562.0830078125,9835.83203125,"-global_quality 25 -look_ahead 1 -bf 1 -refs 11",11.10538625717163,"00:00:11",0.42458879863943255,10.807368354476958,0.987724,0.996387,78.940621,97.058124
12,"h264_qsv","h264_qsv_LA-ICQ","veryslow",4,"-hwaccel qsv -c:v mpeg2_qsv","videos/dist/h264_qsv_bf_refs/742092295825",147562.0830078125,9835.83203125,"-global_quality 25 -look_ahead 1 -bf 1 -refs 12",11.111132621765137,"00:00:11",0.42458879863943255,10.801779088200044,0.987724,0.996387,78.940621,97.058124
13,"h264_qsv","h264_qsv_LA-ICQ","veryslow",4,"-hwaccel qsv -c:v mpeg2_qsv","videos/dist/h264_qsv_bf_refs/841e46866cb3",147562.0830078125,9835.83203125,"-global_quality 25 -look_ahead 1 -bf 1 -refs 13",11.104543924331665,"00:00:11",0.42458879863943255,10.80818814512668,0.987724,0.996387,78.940621,97.058124
14,"h264_qsv","h264_qsv_LA-ICQ","veryslow",4,"-hwaccel qsv -c:v mpeg2_qsv","videos/dist/h264_qsv_bf_refs/4abea4527906",147562.0830078125,9835.83203125,"-global_quality 25 -look_ahead 1 -bf 1 -refs 14",11.104907035827637,"00:00:11",0.42458879863943255,10.80783473583172,0.987724,0.996387,78.940621,97.058124
15,"h264_qsv","h264_qsv_LA-ICQ","veryslow",4,"-hwaccel qsv -c:v mpeg2_qsv","videos/dist/h264_qsv_bf_refs/1051dd4d13fc",147562.0830078125,9835.83203125,"-global_quality 25 -look_ahead 1 -bf 1 -refs 15",11.113368511199951,"00:00:11",0.42458879863943255,10.799605887183974,0.987724,0.996387,78.940621,97.058124
16,"h264_qsv","h264_qsv_LA-ICQ","veryslow",4,"-hwaccel qsv -c:v mpeg2_qsv","videos/dist/h264_qsv_bf_refs/9b4f329508de",162262.037109375,10815.666015625,"-global_quality 25 -look_ahead 1 -bf 1 -refs 16",11.201116561889648,"00:00:11",0.36726703903078395,10.715003217478563,0.610162,0.990621,32.784653,95.764182
17,"h264_qsv","h264_qsv_LA-ICQ","veryslow",4,"-hwaccel qsv -c:v mpeg2_qsv","videos/dist/h264_qsv_bf_refs/dad6ea8f342e",162262.037109375,10815.666015625,"-global_quality 25 -look_ahead 1 -bf 1 -refs 17",11.204578399658203,"00:00:11",0.36726703903078395,10.711692641970465,0.610162,0.990621,32.784653,95.764182
18,"h264_qsv","h264_qsv_LA-ICQ","veryslow",4,"-hwaccel qsv -c:v mpeg2_qsv","videos/dist/h264_qsv_bf_refs/63669b1477b4",162262.037109375,10815.666015625,"-global_quality 25 -look_ahead 1 -bf 1 -refs 18",11.202625513076782,"00:00:11",0.36726703903078395,10.713559947166056,0.610162,0.990621,32.784653,95.764182
19,"h264_qsv","h264_qsv_LA-ICQ","veryslow",4,"-hwaccel qsv -c:v mpeg2_qsv","videos/dist/h264_qsv_bf_refs/662d7de3278f",162262.037109375,10815.666015625,"-global_quality 25 -look_ahead 1 -bf 1 -refs 19",11.187594413757324,"00:00:11",0.36726703903078395,10.727954157187899,0.610162,0.990621,32.784653,95.764182
20,"h264_qsv","h264_qsv_LA-ICQ","veryslow",4,"-hwaccel qsv -c:v mpeg2_qsv","videos/dist/h264_qsv_bf_refs/1940fe6c42ae",162262.037109375,10815.666015625,"-global_quality 25 -look_ahead 1 -bf 1 -refs 20",11.211992025375366,"00:00:11",0.36726703903078395,10.70460982565512,0.610162,0.990621,32.784653,95.764182
21,"h264_qsv","h264_qsv_LA-ICQ","veryslow",4,"-hwaccel qsv -c:v mpeg2_qsv","videos/dist/h264_qsv_bf_refs/1cf7b5754740",159889.525390625,10657.525390625,"-global_quality 25 -look_ahead 1 -bf 2 -refs 1",11.997671127319336,"00:00:11",0.37651853365935795,10.003608094133208,0.984114,0.995737,77.550053,96.773848
22,"h264_qsv","h264_qsv_LA-ICQ","veryslow",4,"-hwaccel qsv -c:v mpeg2_qsv","videos/dist/h264_qsv_bf_refs/4d8ebe84bc14",139145.7666015625,9274.837890625,"-global_quality 25 -look_ahead 1 -bf 2 -refs 2",11.961893558502197,"00:00:11",0.45740781715447054,10.033528505584549,0.987055,0.995931,77.813992,96.859187
23,"h264_qsv","h264_qsv_LA-ICQ","veryslow",4,"-hwaccel qsv -c:v mpeg2_qsv","videos/dist/h264_qsv_bf_refs/f437704eb395",139145.7666015625,9274.837890625,"-global_quality 25 -look_ahead 1 -bf 2 -refs 3",11.961715936660767,"00:00:11",0.45740781715447054,10.0336774953966,0.987055,0.995931,77.813992,96.859187
24,"h264_qsv","h264_qsv_LA-ICQ","veryslow",4,"-hwaccel qsv -c:v mpeg2_qsv","videos/dist/h264_qsv_bf_refs/7f23e06f2c51",139145.7666015625,9274.837890625,"-global_quality 25 -look_ahead 1 -bf 2 -refs 4",11.96108078956604,"00:00:11",0.45740781715447054,10.034210295168021,0.987055,0.995931,77.813992,96.859187
25,"h264_qsv","h264_qsv_LA-ICQ","veryslow",4,"-hwaccel qsv -c:v mpeg2_qsv","videos/dist/h264_qsv_bf_refs/debf50dcea7c",139145.7666015625,9274.837890625,"-global_quality 25 -look_ahead 1 -bf 2 -refs 5",11.969223022460938,"00:00:11",0.45740781715447054,10.027384381991675,0.987055,0.995931,77.813992,96.859187
26,"h264_qsv","h264_qsv_LA-ICQ","veryslow",4,"-hwaccel qsv -c:v mpeg2_qsv","videos/dist/h264_qsv_bf_refs/373347025b60",139145.7666015625,9274.837890625,"-global_quality 25 -look_ahead 1 -bf 2 -refs 6",11.961387395858765,"00:00:11",0.45740781715447054,10.033953088213911,0.987055,0.995931,77.813992,96.859187
27,"h264_qsv","h264_qsv_LA-ICQ","veryslow",4,"-hwaccel qsv -c:v mpeg2_qsv","videos/dist/h264_qsv_bf_refs/10f8d98d66ec",139145.7822265625,9274.8388671875,"-global_quality 25 -look_ahead 1 -bf 2 -refs 7",11.96053147315979,"00:00:11",0.4574077562255392,10.0346711406038,0.987055,0.995931,77.813992,96.859187
28,"h264_qsv","h264_qsv_LA-ICQ","veryslow",4,"-hwaccel qsv -c:v mpeg2_qsv","videos/dist/h264_qsv_bf_refs/be70eb7cbe90",139145.7822265625,9274.8388671875,"-global_quality 25 -look_ahead 1 -bf 2 -refs 8",11.962048053741455,"00:00:11",0.4574077562255392,10.033398918044012,0.987055,0.995931,77.813992,96.859187
29,"h264_qsv","h264_qsv_LA-ICQ","veryslow",4,"-hwaccel qsv -c:v mpeg2_qsv","videos/dist/h264_qsv_bf_refs/917b349c0f47",139145.7822265625,9274.8388671875,"-global_quality 25 -look_ahead 1 -bf 2 -refs 9",11.962324380874634,"00:00:11",0.4574077562255392,10.033167148676222,0.987055,0.995931,77.813992,96.859187
30,"h264_qsv","h264_qsv_LA-ICQ","veryslow",4,"-hwaccel qsv -c:v mpeg2_qsv","videos/dist/h264_qsv_bf_refs/7de560590019",139145.7822265625,9274.8388671875,"-global_quality 25 -look_ahead 1 -bf 2 -refs 10",11.958229303359985,"00:00:11",0.4574077562255392,10.036602991571433,0.987055,0.995931,77.813992,96.859187
31,"h264_qsv","h264_qsv_LA-ICQ","veryslow",4,"-hwaccel qsv -c:v mpeg2_qsv","videos/dist/h264_qsv_bf_refs/a69aafd4b252",139145.7822265625,9274.8388671875,"-global_quality 25 -look_ahead 1 -bf 2 -refs 11",11.957194805145264,"00:00:11",0.4574077562255392,10.037471326331035,0.987055,0.995931,77.813992,96.859187
32,"h264_qsv","h264_qsv_LA-ICQ","veryslow",4,"-hwaccel qsv -c:v mpeg2_qsv","videos/dist/h264_qsv_bf_refs/d1ff955104b2",139145.7822265625,9274.8388671875,"-global_quality 25 -look_ahead 1 -bf 2 -refs 12",11.959812641143799,"00:00:11",0.4574077562255392,10.035274264005666,0.987055,0.995931,77.813992,96.859187
33,"h264_qsv","h264_qsv_LA-ICQ","veryslow",4,"-hwaccel qsv -c:v mpeg2_qsv","videos/dist/h264_qsv_bf_refs/af4fcca4bc61",139145.7822265625,9274.8388671875,"-global_quality 25 -look_ahead 1 -bf 2 -refs 13",11.958499431610107,"00:00:11",0.4574077562255392,10.03637627667139,0.987055,0.995931,77.813992,96.859187
34,"h264_qsv","h264_qsv_LA-ICQ","veryslow",4,"-hwaccel qsv -c:v mpeg2_qsv","videos/dist/h264_qsv_bf_refs/4b6ceb40c1ac",139145.7822265625,9274.8388671875,"-global_quality 25 -look_ahead 1 -bf 2 -refs 14",11.9550199508667,"00:00:11",0.4574077562255392,10.03929734063714,0.987055,0.995931,77.813992,96.859187
35,"h264_qsv","h264_qsv_LA-ICQ","veryslow",4,"-hwaccel qsv -c:v mpeg2_qsv","videos/dist/h264_qsv_bf_refs/f1a4e32a20dc",139145.7822265625,9274.8388671875,"-global_quality 25 -look_ahead 1 -bf 2 -refs 15",11.9623384475708,"00:00:11",0.4574077562255392,10.033155350521998,0.987055,0.995931,77.813992,96.859187
36,"h264_qsv","h264_qsv_LA-ICQ","veryslow",4,"-hwaccel qsv -c:v mpeg2_qsv","videos/dist/h264_qsv_bf_refs/5114d07cbdd1",157192.3291015625,10477.7421875,"-global_quality 25 -look_ahead 1 -bf 2 -refs 16",12.071224451065063,"00:00:12",0.3870361200566207,9.942653331196276,0.653749,0.987294,28.342221,94.800451
37,"h264_qsv","h264_qsv_LA-ICQ","veryslow",4,"-hwaccel qsv -c:v mpeg2_qsv","videos/dist/h264_qsv_bf_refs/8e32df6b4590",157192.3291015625,10477.7421875,"-global_quality 25 -look_ahead 1 -bf 2 -refs 17",12.075560808181763,"00:00:12",0.3870361200566207,9.939082905257765,0.653749,0.987294,28.342221,94.800451
38,"h264_qsv","h264_qsv_LA-ICQ","veryslow",4,"-hwaccel qsv -c:v mpeg2_qsv","videos/dist/h264_qsv_bf_refs/b47936cf3d60",157192.3291015625,10477.7421875,"-global_quality 25 -look_ahead 1 -bf 2 -refs 18",12.072158336639404,"00:00:12",0.3870361200566207,9.941884181201905,0.653749,0.987294,28.342221,94.800451
39,"h264_qsv","h264_qsv_LA-ICQ","veryslow",4,"-hwaccel qsv -c:v mpeg2_qsv","videos/dist/h264_qsv_bf_refs/95d2692ae8dd",157192.3291015625,10477.7421875,"-global_quality 25 -look_ahead 1 -bf 2 -refs 19",12.071984052658081,"00:00:12",0.3870361200566207,9.942027712799478,0.653749,0.987294,28.342221,94.800451
40,"h264_qsv","h264_qsv_LA-ICQ","veryslow",4,"-hwaccel qsv -c:v mpeg2_qsv","videos/dist/h264_qsv_bf_refs/6290510ca5cb",157192.3291015625,10477.7421875,"-global_quality 25 -look_ahead 1 -bf 2 -refs 20",12.059433221817017,"00:00:12",0.3870361200566207,9.952374858120933,0.653749,0.987294,28.342221,94.800451
41,"h264_qsv","h264_qsv_LA-ICQ","veryslow",4,"-hwaccel qsv -c:v mpeg2_qsv","videos/dist/h264_qsv_bf_refs/55da8714b076",161918.52734375,10792.76953125,"-global_quality 25 -look_ahead 1 -bf 4 -refs 1",12.768257141113281,"00:00:12",0.3686065387375407,9.39987334790904,0.9846,0.995257,75.526957,96.479143
42,"h264_qsv","h264_qsv_LA-ICQ","veryslow",4,"-hwaccel qsv -c:v mpeg2_qsv","videos/dist/h264_qsv_bf_refs/8deb0ec8abe3",134873.0185546875,8990.0361328125,"-global_quality 25 -look_ahead 1 -bf 4 -refs 2",12.695660591125488,"00:00:12",0.47406919138184034,9.45362386923736,0.984335,0.995472,78.261024,96.585986
43,"h264_qsv","h264_qsv_LA-ICQ","veryslow",4,"-hwaccel qsv -c:v mpeg2_qsv","videos/dist/h264_qsv_bf_refs/35bc221af2c0",134873.0341796875,8990.037109375,"-global_quality 25 -look_ahead 1 -bf 4 -refs 3",12.704230308532715,"00:00:12",0.474069130452909,9.44724686857962,0.984335,0.995472,78.261024,96.585986
44,"h264_qsv","h264_qsv_LA-ICQ","veryslow",4,"-hwaccel qsv -c:v mpeg2_qsv","videos/dist/h264_qsv_bf_refs/1dfe232899fb",120171.1552734375,8010.0751953125,"-global_quality 25 -look_ahead 1 -bf 4 -refs 4",12.046116352081299,"00:00:12",0.5313983957442847,9.963377116082997,0.98566,0.995435,75.483849,96.378472
45,"h264_qsv","h264_qsv_LA-ICQ","veryslow",4,"-hwaccel qsv -c:v mpeg2_qsv","videos/dist/h264_qsv_bf_refs/a85afb658c81",120171.1416015625,8010.07421875,"-global_quality 25 -look_ahead 1 -bf 4 -refs 5",12.032889127731323,"00:00:12",0.5313984490570997,9.974329417147096,0.98566,0.995435,75.483849,96.378472
46,"h264_qsv","h264_qsv_LA-ICQ","veryslow",4,"-hwaccel qsv -c:v mpeg2_qsv","videos/dist/h264_qsv_bf_refs/f70d51a892e7",120171.126953125,8010.0732421875,"-global_quality 25 -look_ahead 1 -bf 4 -refs 6",12.042611837387085,"00:00:12",0.5313985061779728,9.966276553678329,0.98566,0.995435,75.483849,96.378472
47,"h264_qsv","h264_qsv_LA-ICQ","veryslow",4,"-hwaccel qsv -c:v mpeg2_qsv","videos/dist/h264_qsv_bf_refs/63abfd2b7989",120171.1259765625,8010.0732421875,"-global_quality 25 -look_ahead 1 -bf 4 -refs 7",12.040002584457397,"00:00:12",0.531398509986031,9.968436398421995,0.98566,0.995435,75.483849,96.378472
48,"h264_qsv","h264_qsv_LA-ICQ","veryslow",4,"-hwaccel qsv -c:v mpeg2_qsv","videos/dist/h264_qsv_bf_refs/c0ee51be6cd0",120171.1123046875,8010.072265625,"-global_quality 25 -look_ahead 1 -bf 4 -refs 8",12.044203042984009,"00:00:12",0.5313985632988458,9.964959870874484,0.98566,0.995435,75.483849,96.378472
49,"h264_qsv","h264_qsv_LA-ICQ","veryslow",4,"-hwaccel qsv -c:v mpeg2_qsv","videos/dist/h264_qsv_bf_refs/7fd3c8ad9d88",120171.7548828125,8010.115234375,"-global_quality 25 -look_ahead 1 -bf 4 -refs 9",12.040815591812134,"00:00:12",0.5313960575965453,9.967763320087279,0.98566,0.995435,75.483849,96.378472
50,"h264_qsv","h264_qsv_LA-ICQ","veryslow",4,"-hwaccel qsv -c:v mpeg2_qsv","videos/dist/h264_qsv_bf_refs/f3cbebedb824",120172.412109375,8010.158203125,"-global_quality 25 -look_ahead 1 -bf 4 -refs 10",12.038981437683105,"00:00:12",0.5313934947733716,9.969281921502636,0.98566,0.995435,75.483849,96.378472
51,"h264_qsv","h264_qsv_LA-ICQ","veryslow",4,"-hwaccel qsv -c:v mpeg2_qsv","videos/dist/h264_qsv_bf_refs/79b329a30f35",120171.7421875,8010.1142578125,"-global_quality 25 -look_ahead 1 -bf 4 -refs 11",12.042094230651855,"00:00:12",0.531396107101302,9.966704935301204,0.98566,0.995435,75.483849,96.378472
52,"h264_qsv","h264_qsv_LA-ICQ","veryslow",4,"-hwaccel qsv -c:v mpeg2_qsv","videos/dist/h264_qsv_bf_refs/88b9eb947699",120171.7138671875,8010.1123046875,"-global_quality 25 -look_ahead 1 -bf 4 -refs 12",12.035737752914429,"00:00:12",0.53139621753499,9.971968687248724,0.98566,0.995435,75.483849,96.378472
53,"h264_qsv","h264_qsv_LA-ICQ","veryslow",4,"-hwaccel qsv -c:v mpeg2_qsv","videos/dist/h264_qsv_bf_refs/825d739bb132",120172.3564453125,8010.1552734375,"-global_quality 25 -look_ahead 1 -bf 4 -refs 13",12.0400071144104,"00:00:12",0.5313937118326895,9.968432647880324,0.98566,0.995435,75.483849,96.378472
54,"h264_qsv","h264_qsv_LA-ICQ","veryslow",4,"-hwaccel qsv -c:v mpeg2_qsv","videos/dist/h264_qsv_bf_refs/173c89885601",120171.7001953125,8010.111328125,"-global_quality 25 -look_ahead 1 -bf 4 -refs 14",12.04541540145874,"00:00:12",0.5313962708478048,9.96395690807518,0.98566,0.995435,75.483849,96.378472
55,"h264_qsv","h264_qsv_LA-ICQ","veryslow",4,"-hwaccel qsv -c:v mpeg2_qsv","videos/dist/h264_qsv_bf_refs/da89f98f649a",120171.6884765625,8010.1103515625,"-global_quality 25 -look_ahead 1 -bf 4 -refs 15",12.04543685913086,"00:00:12",0.5313963165445035,9.963939158339507,0.98566,0.995435,75.483849,96.378472
56,"h264_qsv","h264_qsv_LA-ICQ","veryslow",4,"-hwaccel qsv -c:v mpeg2_qsv","videos/dist/h264_qsv_bf_refs/c6b165158825",136039.640625,9067.7978515625,"-global_quality 25 -look_ahead 1 -bf 4 -refs 16",12.171163320541382,"00:00:12",0.4695200050778171,9.861013022267244,0.629301,0.985251,25.242262,93.936051
57,"h264_qsv","h264_qsv_LA-ICQ","veryslow",4,"-hwaccel qsv -c:v mpeg2_qsv","videos/dist/h264_qsv_bf_refs/9e2d87869d7f",136039.640625,9067.7978515625,"-global_quality 25 -look_ahead 1 -bf 4 -refs 17",12.155973672866821,"00:00:12",0.4695200050778171,9.873334973396245,0.629301,0.985251,25.242262,93.936051
58,"h264_qsv","h264_qsv_LA-ICQ","veryslow",4,"-hwaccel qsv -c:v mpeg2_qsv","videos/dist/h264_qsv_bf_refs/199f8404e0ef",136039.640625,9067.7978515625,"-global_quality 25 -look_ahead 1 -bf 4 -refs 18",12.161978483200073,"00:00:12",0.4695200050778171,9.868460149455897,0.629301,0.985251,25.242262,93.936051
59,"h264_qsv","h264_qsv_LA-ICQ","veryslow",4,"-hwaccel qsv -c:v mpeg2_qsv","videos/dist/h264_qsv_bf_refs/4069bf83bde3",136039.640625,9067.7978515625,"-global_quality 25 -look_ahead 1 -bf 4 -refs 19",12.159609079360962,"00:00:12",0.4695200050778171,9.87038310332815,0.629301,0.985251,25.242262,93.936051
60,"h264_qsv","h264_qsv_LA-ICQ","veryslow",4,"-hwaccel qsv -c:v mpeg2_qsv","videos/dist/h264_qsv_bf_refs/6032685c3086",136039.640625,9067.7978515625,"-global_quality 25 -look_ahead 1 -bf 4 -refs 20",12.17990231513977,"00:00:12",0.4695200050778171,9.853937814494097,0.629301,0.985251,25.242262,93.936051
61,"h264_qsv","h264_qsv_LA-ICQ","veryslow",4,"-hwaccel qsv -c:v mpeg2_qsv","videos/dist/h264_qsv_bf_refs/3d24d99348cc",167609.380859375,11172.0966796875,"-global_quality 25 -look_ahead 1 -bf 6 -refs 1",13.224033117294312,"00:00:13",0.3464153308645844,9.075899835961433,0.984292,0.994933,74.72735,96.295365
62,"h264_qsv","h264_qsv_LA-ICQ","veryslow",4,"-hwaccel qsv -c:v mpeg2_qsv","videos/dist/h264_qsv_bf_refs/afce659edd4b",135494.236328125,9031.443359375,"-global_quality 25 -look_ahead 1 -bf 6 -refs 2",13.092381000518799,"00:00:13",0.4716467827384133,9.167163711111376,0.984696,0.995166,79.247204,96.401492
63,"h264_qsv","h264_qsv_LA-ICQ","veryslow",4,"-hwaccel qsv -c:v mpeg2_qsv","videos/dist/h264_qsv_bf_refs/ecd2ecf6f9ee",135494.251953125,9031.4443359375,"-global_quality 25 -look_ahead 1 -bf 6 -refs 3",13.097018480300903,"00:00:13",0.471646721809482,9.163917740554531,0.984696,0.995166,79.247204,96.401492
64,"h264_qsv","h264_qsv_LA-ICQ","veryslow",4,"-hwaccel qsv -c:v mpeg2_qsv","videos/dist/h264_qsv_bf_refs/ba8f604800b8",120449.953125,8028.658203125,"-global_quality 25 -look_ahead 1 -bf 6 -refs 4",12.290451049804688,"00:00:12",0.5303112370146548,9.765304748673751,0.984404,0.995307,75.288955,96.257191
65,"h264_qsv","h264_qsv_LA-ICQ","veryslow",4,"-hwaccel qsv -c:v mpeg2_qsv","videos/dist/h264_qsv_bf_refs/87bdd57e6c63",120450.4033203125,8028.6884765625,"-global_quality 25 -look_ahead 1 -bf 6 -refs 5",12.29730224609375,"00:00:12",0.530309481499821,9.759864204209867,0.984404,0.995307,75.288955,96.257191
66,"h264_qsv","h264_qsv_LA-ICQ","veryslow",4,"-hwaccel qsv -c:v mpeg2_qsv","videos/dist/h264_qsv_bf_refs/48eea4105a36",120450.388671875,8028.6875,"-global_quality 25 -look_ahead 1 -bf 6 -refs 6",12.29345178604126,"00:00:12",0.5303095386206942,9.762921113521434,0.984404,0.995307,75.288955,96.257191
67,"h264_qsv","h264_qsv_LA-ICQ","veryslow",4,"-hwaccel qsv -c:v mpeg2_qsv","videos/dist/h264_qsv_bf_refs/8f03ed48de01",120450.40234375,8028.6884765625,"-global_quality 25 -look_ahead 1 -bf 6 -refs 7",12.29386305809021,"00:00:12",0.5303094853078794,9.762594510194951,0.984404,0.995307,75.288955,96.257191
68,"h264_qsv","h264_qsv_LA-ICQ","veryslow",4,"-hwaccel qsv -c:v mpeg2_qsv","videos/dist/h264_qsv_bf_refs/0ba789f721ca",120450.375,8028.6865234375,"-global_quality 25 -look_ahead 1 -bf 6 -refs 8",12.295715093612671,"00:00:12",0.5303095919335091,9.761124024608176,0.984404,0.995307,75.288955,96.257191
69,"h264_qsv","h264_qsv_LA-ICQ","veryslow",4,"-hwaccel qsv -c:v mpeg2_qsv","videos/dist/h264_qsv_bf_refs/ee676b78e460",120450.826171875,8028.716796875,"-global_quality 25 -look_ahead 1 -bf 6 -refs 9",12.287802457809448,"00:00:12",0.5303078326106172,9.767409625284293,0.984404,0.995307,75.288955,96.257191
70,"h264_qsv","h264_qsv_LA-ICQ","veryslow",4,"-hwaccel qsv -c:v mpeg2_qsv","videos/dist/h264_qsv_bf_refs/d152be750ab7",120450.333984375,8028.68359375,"-global_quality 25 -look_ahead 1 -bf 6 -refs 10",12.29721736907959,"00:00:12",0.5303097518719538,9.759931568078246,0.984404,0.995307,75.288955,96.257191
71,"h264_qsv","h264_qsv_LA-ICQ","veryslow",4,"-hwaccel qsv -c:v mpeg2_qsv","videos/dist/h264_qsv_bf_refs/f101b60925e1",120450.333984375,8028.68359375,"-global_quality 25 -look_ahead 1 -bf 6 -refs 11",12.295148372650146,"00:00:12",0.5303097518719538,9.761573944644509,0.984404,0.995307,75.288955,96.257191
72,"h264_qsv","h264_qsv_LA-ICQ","veryslow",4,"-hwaccel qsv -c:v mpeg2_qsv","videos/dist/h264_qsv_bf_refs/003deac6a533",120450.306640625,8028.681640625,"-global_quality 25 -look_ahead 1 -bf 6 -refs 12",12.289698600769043,"00:00:12",0.5303098584975836,9.765902639181858,0.984404,0.995307,75.288955,96.257191
73,"h264_qsv","h264_qsv_LA-ICQ","veryslow",4,"-hwaccel qsv -c:v mpeg2_qsv","videos/dist/h264_qsv_bf_refs/e1662a8e4779",120450.744140625,8028.7109375,"-global_quality 25 -look_ahead 1 -bf 6 -refs 13",12.290283679962158,"00:00:12",0.5303081524875066,9.765437733197183,0.984404,0.995307,75.288955,96.257191
74,"h264_qsv","h264_qsv_LA-ICQ","veryslow",4,"-hwaccel qsv -c:v mpeg2_qsv","videos/dist/h264_qsv_bf_refs/61d2eb9a6514",120450.265625,8028.6787109375,"-global_quality 25 -look_ahead 1 -bf 6 -refs 14",12.294147491455078,"00:00:12",0.5303100184360283,9.762368646009712,0.984404,0.995307,75.288955,96.257191
75,"h264_qsv","h264_qsv_LA-ICQ","veryslow",4,"-hwaccel qsv -c:v mpeg2_qsv","videos/dist/h264_qsv_bf_refs/cc84b6ad0da6",120450.265625,8028.6787109375,"-global_quality 25 -look_ahead 1 -bf 6 -refs 15",12.292861461639404,"00:00:12",0.5303100184360283,9.763389945825832,0.984404,0.995307,75.288955,96.257191
76,"h264_qsv","h264_qsv_LA-ICQ","veryslow",4,"-hwaccel qsv -c:v mpeg2_qsv","videos/dist/h264_qsv_bf_refs/e2ab364cecda",141281.5322265625,9417.19921875,"-global_quality 25 -look_ahead 1 -bf 6 -refs 16",12.431875228881836,"00:00:12",0.449079502461049,9.654215296592467,0.456257,0.870326,7.270146,63.495404
77,"h264_qsv","h264_qsv_LA-ICQ","veryslow",4,"-hwaccel qsv -c:v mpeg2_qsv","videos/dist/h264_qsv_bf_refs/42fa54ef4a08",141281.5322265625,9417.19921875,"-global_quality 25 -look_ahead 1 -bf 6 -refs 17",12.448850870132446,"00:00:12",0.449079502461049,9.641050507557656,0.456257,0.870326,7.270146,63.495404
78,"h264_qsv","h264_qsv_LA-ICQ","veryslow",4,"-hwaccel qsv -c:v mpeg2_qsv","videos/dist/h264_qsv_bf_refs/413fad044b94",141281.5322265625,9417.19921875,"-global_quality 25 -look_ahead 1 -bf 6 -refs 18",12.437465906143188,"00:00:12",0.449079502461049,9.649875698611483,0.456257,0.870326,7.270146,63.495404
79,"h264_qsv","h264_qsv_LA-ICQ","veryslow",4,"-hwaccel qsv -c:v mpeg2_qsv","videos/dist/h264_qsv_bf_refs/5ada0b5cbd48",141281.5322265625,9417.19921875,"-global_quality 25 -look_ahead 1 -bf 6 -refs 19",12.436129808425903,"00:00:12",0.449079502461049,9.650912450164547,0.456257,0.870326,7.270146,63.495404
80,"h264_qsv","h264_qsv_LA-ICQ","veryslow",4,"-hwaccel qsv -c:v mpeg2_qsv","videos/dist/h264_qsv_bf_refs/f854a821e923",141281.5322265625,9417.19921875,"-global_quality 25 -look_ahead 1 -bf 6 -refs 20",12.428147554397583,"00:00:12",0.449079502461049,9.65711096321286,0.456257,0.870326,7.270146,63.495404
81,"h264_qsv","h264_qsv_LA-ICQ","veryslow",4,"-hwaccel qsv -c:v mpeg2_qsv","videos/dist/h264_qsv_bf_refs/5ab961576746",176420.4716796875,11759.404296875,"-global_quality 25 -look_ahead 1 -bf 8 -refs 1",13.538417339324951,"00:00:13",0.3120569086271817,8.865142578473977,0.982692,0.994698,74.675533,96.163107
82,"h264_qsv","h264_qsv_LA-ICQ","veryslow",4,"-hwaccel qsv -c:v mpeg2_qsv","videos/dist/h264_qsv_bf_refs/62a2338f02a0",137762.951171875,9182.666015625,"-global_quality 25 -look_ahead 1 -bf 8 -refs 2",13.367739200592041,"00:00:13",0.46280003900060895,8.978331952697316,0.983458,0.994943,75.096448,96.280197
83,"h264_qsv","h264_qsv_LA-ICQ","veryslow",4,"-hwaccel qsv -c:v mpeg2_qsv","videos/dist/h264_qsv_bf_refs/acd951da937d",137762.966796875,9182.6669921875,"-global_quality 25 -look_ahead 1 -bf 8 -refs 3",13.370850086212158,"00:00:13",0.4627999780716776,8.976243038111916,0.983458,0.994943,75.096448,96.280197
84,"h264_qsv","h264_qsv_LA-ICQ","veryslow",4,"-hwaccel qsv -c:v mpeg2_qsv","videos/dist/h264_qsv_bf_refs/7618f82c0198",137762.966796875,9182.6669921875,"-global_quality 25 -look_ahead 1 -bf 8 -refs 4",13.372588634490967,"00:00:13",0.4627999780716776,8.975076051501423,0.983458,0.994943,75.096448,96.280197
85,"h264_qsv","h264_qsv_LA-ICQ","veryslow",4,"-hwaccel qsv -c:v mpeg2_qsv","videos/dist/h264_qsv_bf_refs/c804e67c2def",114302.41796875,7618.890625,"-global_quality 25 -look_ahead 1 -bf 8 -refs 5",12.45607852935791,"00:00:12",0.5542832528439302,9.63545627278466,0.982041,0.994973,73.713391,96.046433
86,"h264_qsv","h264_qsv_LA-ICQ","veryslow",4,"-hwaccel qsv -c:v mpeg2_qsv","videos/dist/h264_qsv_bf_refs/4170b8e0a492",114302.01953125,7618.8642578125,"-global_quality 25 -look_ahead 1 -bf 8 -refs 6",12.456296682357788,"00:00:12",0.554284806531679,9.635287522493567,0.982041,0.994973,73.713391,96.046433
87,"h264_qsv","h264_qsv_LA-ICQ","veryslow",4,"-hwaccel qsv -c:v mpeg2_qsv","videos/dist/h264_qsv_bf_refs/335234b5f267",114302.404296875,7618.8896484375,"-global_quality 25 -look_ahead 1 -bf 8 -refs 7",12.457362413406372,"00:00:12",0.5542833061567451,9.63446322078876,0.982041,0.994973,73.713391,96.046433
88,"h264_qsv","h264_qsv_LA-ICQ","veryslow",4,"-hwaccel qsv -c:v mpeg2_qsv","videos/dist/h264_qsv_bf_refs/8a5880cafb02",114302.404296875,7618.8896484375,"-global_quality 25 -look_ahead 1 -bf 8 -refs 8",12.457791805267334,"00:00:12",0.5542833061567451,9.634131142667982,0.982041,0.994973,73.713391,96.046433
89,"h264_qsv","h264_qsv_LA-ICQ","veryslow",4,"-hwaccel qsv -c:v mpeg2_qsv","videos/dist/h264_qsv_bf_refs/27d922d09ecc",114302.390625,7618.888671875,"-global_quality 25 -look_ahead 1 -bf 8 -refs 9",12.453131437301636,"00:00:12",0.55428335946956,9.637736548776532,0.982041,0.994973,73.713391,96.046433
90,"h264_qsv","h264_qsv_LA-ICQ","veryslow",4,"-hwaccel qsv -c:v mpeg2_qsv","videos/dist/h264_qsv_bf_refs/b0b5f3af9b5f",114302.376953125,7618.8876953125,"-global_quality 25 -look_ahead 1 -bf 8 -refs 10",12.456247806549072,"00:00:12",0.5542834127823749,9.63532532942204,0.982041,0.994973,73.713391,96.046433
91,"h264_qsv","h264_qsv_LA-ICQ","veryslow",4,"-hwaccel qsv -c:v mpeg2_qsv","videos/dist/h264_qsv_bf_refs/c9693762ebe8",114302.36328125,7618.8876953125,"-global_quality 25 -look_ahead 1 -bf 8 -refs 11",12.458992004394531,"00:00:12",0.5542834660951899,9.633203067926088,0.982041,0.994973,73.713391,96.046433
92,"h264_qsv","h264_qsv_LA-ICQ","veryslow",4,"-hwaccel qsv -c:v mpeg2_qsv","videos/dist/h264_qsv_bf_refs/ff44af2de5bb",114302.349609375,7618.88671875,"-global_quality 25 -look_ahead 1 -bf 8 -refs 12",12.450445890426636,"00:00:12",0.5542835194080047,9.63981539747789,0.982041,0.994973,73.713391,96.046433
93,"h264_qsv","h264_qsv_LA-ICQ","veryslow",4,"-hwaccel qsv -c:v mpeg2_qsv","videos/dist/h264_qsv_bf_refs/6a10f9a220d7",114302.349609375,7618.88671875,"-global_quality 25 -look_ahead 1 -bf 8 -refs 13",12.457823753356934,"00:00:12",0.5542835194080047,9.634106435938214,0.982041,0.994973,73.713391,96.046433
94,"h264_qsv","h264_qsv_LA-ICQ","veryslow",4,"-hwaccel qsv -c:v mpeg2_qsv","videos/dist/h264_qsv_bf_refs/975f8d6a708c",114302.3359375,7618.8857421875,"-global_quality 25 -look_ahead 1 -bf 8 -refs 14",12.455178022384644,"00:00:12",0.5542835727208197,9.636152914418256,0.982041,0.994973,73.713391,96.046433
95,"h264_qsv","h264_qsv_LA-ICQ","veryslow",4,"-hwaccel qsv -c:v mpeg2_qsv","videos/dist/h264_qsv_bf_refs/a223db69089d",114302.322265625,7618.884765625,"-global_quality 25 -look_ahead 1 -bf 8 -refs 15",12.457190036773682,"00:00:12",0.5542836260336346,9.634596537878961,0.982041,0.994973,73.713391,96.046433
96,"h264_qsv","h264_qsv_LA-ICQ","veryslow",4,"-hwaccel qsv -c:v mpeg2_qsv","videos/dist/h264_qsv_bf_refs/790332f93c7d",128703.0498046875,8578.7734375,"-global_quality 25 -look_ahead 1 -bf 8 -refs 16",12.560359001159668,"00:00:12",0.49812868592426074,9.555459361385996,0.657542,0.988968,35.768537,94.777204
97,"h264_qsv","h264_qsv_LA-ICQ","veryslow",4,"-hwaccel qsv -c:v mpeg2_qsv","videos/dist/h264_qsv_bf_refs/8b0dacde554c",128703.0498046875,8578.7734375,"-global_quality 25 -look_ahead 1 -bf 8 -refs 17",12.559370994567871,"00:00:12",0.49812868592426074,9.55621105960725,0.657542,0.988968,35.768537,94.777204
98,"h264_qsv","h264_qsv_LA-ICQ","veryslow",4,"-hwaccel qsv -c:v mpeg2_qsv","videos/dist/h264_qsv_bf_refs/9c27e692f41e",128703.0498046875,8578.7734375,"-global_quality 25 -look_ahead 1 -bf 8 -refs 18",12.555362939834595,"00:00:12",0.49812868592426074,9.559261693599527,0.657542,0.988968,35.768537,94.777204
99,"h264_qsv","h264_qsv_LA-ICQ","veryslow",4,"-hwaccel qsv -c:v mpeg2_qsv","videos/dist/h264_qsv_bf_refs/f24d97c3a953",128703.0498046875,8578.7734375,"-global_quality 25 -look_ahead 1 -bf 8 -refs 19",12.563622236251831,"00:00:12",0.49812868592426074,9.552977456906262,0.657542,0.988968,35.768537,94.777204
100,"h264_qsv","h264_qsv_LA-ICQ","veryslow",4,"-hwaccel qsv -c:v mpeg2_qsv","videos/dist/h264_qsv_bf_refs/7d3206899063",128703.0498046875,8578.7734375,"-global_quality 25 -look_ahead 1 -bf 8 -refs 20",12.541151285171509,"00:00:12",0.49812868592426074,9.570094265740185,0.657542,0.988968,35.768537,94.777204
101,"h264_qsv","h264_qsv_LA-ICQ","veryslow",4,"-hwaccel qsv -c:v mpeg2_qsv","videos/dist/h264_qsv_bf_refs/8d3838a02a45",180967.7587890625,12062.505859375,"-global_quality 25 -look_ahead 1 -bf 10 -refs 1",13.793717861175537,"00:00:13",0.29432498261202544,8.701062411738468,0.981224,0.994492,74.181674,96.053367
102,"h264_qsv","h264_qsv_LA-ICQ","veryslow",4,"-hwaccel qsv -c:v mpeg2_qsv","videos/dist/h264_qsv_bf_refs/b0d103d3855f",138516.638671875,9232.9033203125,"-global_quality 25 -look_ahead 1 -bf 10 -refs 2",13.608420372009277,"00:00:13",0.459861071069379,8.819539426255915,0.982993,0.994735,76.135159,96.158639
103,"h264_qsv","h264_qsv_LA-ICQ","veryslow",4,"-hwaccel qsv -c:v mpeg2_qsv","videos/dist/h264_qsv_bf_refs/f021175b5f48",138516.654296875,9232.904296875,"-global_quality 25 -look_ahead 1 -bf 10 -refs 3",13.616106510162354,"00:00:13",0.4598610101404478,8.814560895981778,0.982993,0.994735,76.135159,96.158639
104,"h264_qsv","h264_qsv_LA-ICQ","veryslow",4,"-hwaccel qsv -c:v mpeg2_qsv","videos/dist/h264_qsv_bf_refs/5cd851c3a249",138516.654296875,9232.904296875,"-global_quality 25 -look_ahead 1 -bf 10 -refs 4",13.61916971206665,"00:00:13",0.4598610101404478,8.812578339020307,0.982993,0.994735,76.135159,96.158639
105,"h264_qsv","h264_qsv_LA-ICQ","veryslow",4,"-hwaccel qsv -c:v mpeg2_qsv","videos/dist/h264_qsv_bf_refs/0c26cd4323f8",111995.4091796875,7465.1162109375,"-global_quality 25 -look_ahead 1 -bf 10 -refs 5",12.41244387626648,"00:00:12",0.5632793219682293,9.669328715313444,0.981351,0.994784,72.8655,95.901742
106,"h264_qsv","h264_qsv_LA-ICQ","veryslow",4,"-hwaccel qsv -c:v mpeg2_qsv","videos/dist/h264_qsv_bf_refs/1aeccd2d4036",111995.6953125,7465.134765625,"-global_quality 25 -look_ahead 1 -bf 10 -refs 6",12.417017221450806,"00:00:12",0.5632782062071745,9.665767378711653,0.981351,0.994784,72.8655,95.901742
107,"h264_qsv","h264_qsv_LA-ICQ","veryslow",4,"-hwaccel qsv -c:v mpeg2_qsv","videos/dist/h264_qsv_bf_refs/237bd660b94e",111996.01171875,7465.15625,"-global_quality 25 -look_ahead 1 -bf 10 -refs 7",12.425142049789429,"00:00:12",0.5632769723963152,9.659446911678083,0.981351,0.994784,72.8655,95.901742
108,"h264_qsv","h264_qsv_LA-ICQ","veryslow",4,"-hwaccel qsv -c:v mpeg2_qsv","videos/dist/h264_qsv_bf_refs/73d2c2c3cb39",111995.9970703125,7465.1552734375,"-global_quality 25 -look_ahead 1 -bf 10 -refs 8",12.420507192611694,"00:00:12",0.5632770295171883,9.663051446996752,0.981351,0.994784,72.8655,95.901742
109,"h264_qsv","h264_qsv_LA-ICQ","veryslow",4,"-hwaccel qsv -c:v mpeg2_qsv","videos/dist/h264_qsv_bf_refs/c6e282e095a2",111995.9970703125,7465.1552734375,"-global_quality 25 -look_ahead 1 -bf 10 -refs 9",12.418611764907837,"00:00:12",0.5632770295171883,9.664526299078705,0.981351,0.994784,72.8655,95.901742
110,"h264_qsv","h264_qsv_LA-ICQ","veryslow",4,"-hwaccel qsv -c:v mpeg2_qsv","videos/dist/h264_qsv_bf_refs/3f8a9f926dc8",111995.9833984375,7465.154296875,"-global_quality 25 -look_ahead 1 -bf 10 -refs 10",12.423218011856079,"00:00:12",0.5632770828300032,9.660942912332303,0.981351,0.994784,72.8655,95.901742
111,"h264_qsv","h264_qsv_LA-ICQ","veryslow",4,"-hwaccel qsv -c:v mpeg2_qsv","videos/dist/h264_qsv_bf_refs/879a1a96d56c",111995.9697265625,7465.1533203125,"-global_quality 25 -look_ahead 1 -bf 10 -refs 11",12.420725107192993,"00:00:12",0.5632771361428182,9.66288191423663,0.981351,0.994784,72.8655,95.901742
112,"h264_qsv","h264_qsv_LA-ICQ","veryslow",4,"-hwaccel qsv -c:v mpeg2_qsv","videos/dist/h264_qsv_bf_refs/be939d8b8ab9",111995.9560546875,7465.15234375,"-global_quality 25 -look_ahead 1 -bf 10 -refs 12",12.416048526763916,"00:00:12",0.563277189455633,9.666521497663771,0.981351,0.994784,72.8655,95.901742
113,"h264_qsv","h264_qsv_LA-ICQ","veryslow",4,"-hwaccel qsv -c:v mpeg2_qsv","videos/dist/h264_qsv_bf_refs/0df4c1393a7b",111995.9423828125,7465.1513671875,"-global_quality 25 -look_ahead 1 -bf 10 -refs 13",12.428686141967773,"00:00:12",0.563277242768448,9.656692479724796,0.981351,0.994784,72.8655,95.901742
114,"h264_qsv","h264_qsv_LA-ICQ","veryslow",4,"-hwaccel qsv -c:v mpeg2_qsv","videos/dist/h264_qsv_bf_refs/73bffd6daaf3",111995.9287109375,7465.150390625,"-global_quality 25 -look_ahead 1 -bf 10 -refs 14",12.428864240646362,"00:00:12",0.5632772960812629,9.656554104718289,0.981351,0.994784,72.8655,95.901742
115,"h264_qsv","h264_qsv_LA-ICQ","veryslow",4,"-hwaccel qsv -c:v mpeg2_qsv","videos/dist/h264_qsv_bf_refs/643b1abd848c",111995.9150390625,7465.1494140625,"-global_quality 25 -look_ahead 1 -bf 10 -refs 15",12.427180528640747,"00:00:12",0.5632773493940777,9.657862434957922,0.981351,0.994784,72.8655,95.901742
116,"h264_qsv","h264_qsv_LA-ICQ","veryslow",4,"-hwaccel qsv -c:v mpeg2_qsv","videos/dist/h264_qsv_bf_refs/4c9e0db78fcc",143190.728515625,9544.45703125,"-global_quality 25 -look_ahead 1 -bf 10 -refs 16",12.61804723739624,"00:00:12",0.4416346839281985,9.511772918736225,0.38048,0.824361,0.0,45.122801
117,"h264_qsv","h264_qsv_LA-ICQ","veryslow",4,"-hwaccel qsv -c:v mpeg2_qsv","videos/dist/h264_qsv_bf_refs/570459adc069",143190.728515625,9544.45703125,"-global_quality 25 -look_ahead 1 -bf 10 -refs 17",12.640667915344238,"00:00:12",0.4416346839281985,9.494751448561532,0.38048,0.824361,0.0,45.122801
118,"h264_qsv","h264_qsv_LA-ICQ","veryslow",4,"-hwaccel qsv -c:v mpeg2_qsv","videos/dist/h264_qsv_bf_refs/3777de41b082",143190.728515625,9544.45703125,"-global_quality 25 -look_ahead 1 -bf 10 -refs 18",12.608825922012329,"00:00:12",0.4416346839281985,9.518729241115986,0.38048,0.824361,0.0,45.122801
119,"h264_qsv","h264_qsv_LA-ICQ","veryslow",4,"-hwaccel qsv -c:v mpeg2_qsv","videos/dist/h264_qsv_bf_refs/79461aad4858",143190.728515625,9544.45703125,"-global_quality 25 -look_ahead 1 -bf 10 -refs 19",12.638001203536987,"00:00:12",0.4416346839281985,9.496754911402453,0.38048,0.824361,0.0,45.122801
120,"h264_qsv","h264_qsv_LA-ICQ","veryslow",4,"-hwaccel qsv -c:v mpeg2_qsv","videos/dist/h264_qsv_bf_refs/84f740060f03",143190.728515625,9544.45703125,"-global_quality 25 -look_ahead 1 -bf 10 -refs 20",12.615527153015137,"00:00:12",0.4416346839281985,9.513672995528765,0.38048,0.824361,0.0,45.122801
121,"h264_qsv","h264_qsv_LA-ICQ","veryslow",4,"-hwaccel qsv -c:v mpeg2_qsv","videos/dist/h264_qsv_bf_refs/3b00e1344bd4",182004.3876953125,12131.603515625,"-global_quality 25 -look_ahead 1 -bf 12 -refs 1",13.984230518341064,"00:00:13",0.2902826983601907,8.582524425822884,0.980863,0.9943,74.203436,95.916648
122,"h264_qsv","h264_qsv_LA-ICQ","veryslow",4,"-hwaccel qsv -c:v mpeg2_qsv","videos/dist/h264_qsv_bf_refs/6f4a0bfb5da7",139955.6376953125,9328.8203125,"-global_quality 25 -look_ahead 1 -bf 12 -refs 2",13.756698608398438,"00:00:13",0.45424976401844097,8.72447695602839,0.981987,0.994557,75.738386,96.02025
123,"h264_qsv","h264_qsv_LA-ICQ","veryslow",4,"-hwaccel qsv -c:v mpeg2_qsv","videos/dist/h264_qsv_bf_refs/c9fd9492da61",139955.6533203125,9328.8212890625,"-global_quality 25 -look_ahead 1 -bf 12 -refs 3",13.76948857307434,"00:00:13",0.4542497030895096,8.716373114590043,0.981987,0.994557,75.738386,96.02025
124,"h264_qsv","h264_qsv_LA-ICQ","veryslow",4,"-hwaccel qsv -c:v mpeg2_qsv","videos/dist/h264_qsv_bf_refs/edc877fa8563",139955.6533203125,9328.8212890625,"-global_quality 25 -look_ahead 1 -bf 12 -refs 4",13.764446496963501,"00:00:13",0.4542497030895096,8.719566022976437,0.981987,0.994557,75.738386,96.02025
125,"h264_qsv","h264_qsv_LA-ICQ","veryslow",4,"-hwaccel qsv -c:v mpeg2_qsv","videos/dist/h264_qsv_bf_refs/d420abc81f03",139955.6533203125,9328.8212890625,"-global_quality 25 -look_ahead 1 -bf 12 -refs 5",13.758265972137451,"00:00:13",0.4542497030895096,8.72348304961239,0.981987,0.994557,75.738386,96.02025
126,"h264_qsv","h264_qsv_LA-ICQ","veryslow",4,"-hwaccel qsv -c:v mpeg2_qsv","videos/dist/h264_qsv_bf_refs/313e30730b93",113549.4921875,7568.7041015625,"-global_quality 25 -look_ahead 1 -bf 12 -refs 6",12.503695964813232,"00:00:12",0.5572192504897582,9.598761865111676,0.979486,0.994722,73.395928,95.86145
127,"h264_qsv","h264_qsv_LA-ICQ","veryslow",4,"-hwaccel qsv -c:v mpeg2_qsv","videos/dist/h264_qsv_bf_refs/1a96915533b5",113549.75390625,7568.7216796875,"-global_quality 25 -look_ahead 1 -bf 12 -refs 7",12.502732992172241,"00:00:12",0.5572182299301585,9.599501171075362,0.979486,0.994722,73.395928,95.86145
128,"h264_qsv","h264_qsv_LA-ICQ","veryslow",4,"-hwaccel qsv -c:v mpeg2_qsv","videos/dist/h264_qsv_bf_refs/0a7950df70c3",113549.740234375,7568.720703125,"-global_quality 25 -look_ahead 1 -bf 12 -refs 8",12.51775312423706,"00:00:12",0.5572182832429735,9.587982668200691,0.979486,0.994722,73.395928,95.86145
129,"h264_qsv","h264_qsv_LA-ICQ","veryslow",4,"-hwaccel qsv -c:v mpeg2_qsv","videos/dist/h264_qsv_bf_refs/326df1974f76",113549.7265625,7568.7197265625,"-global_quality 25 -look_ahead 1 -bf 12 -refs 9",12.515174150466919,"00:00:12",0.5572183365557883,9.589958442210111,0.979486,0.994722,73.395928,95.86145
130,"h264_qsv","h264_qsv_LA-ICQ","veryslow",4,"-hwaccel qsv -c:v mpeg2_qsv","videos/dist/h264_qsv_bf_refs/217596d565fa",113549.958984375,7568.7353515625,"-global_quality 25 -look_ahead 1 -bf 12 -refs 10",12.511841773986816,"00:00:12",0.5572174302379349,9.592512610695875,0.979486,0.994722,73.395928,95.86145
131,"h264_qsv","h264_qsv_LA-ICQ","veryslow",4,"-hwaccel qsv -c:v mpeg2_qsv","videos/dist/h264_qsv_bf_refs/6b95b6f6e2c3",113549.9453125,7568.734375,"-global_quality 25 -look_ahead 1 -bf 12 -refs 11",12.505529642105103,"00:00:12",0.5572174835507498,9.597354405198674,0.979486,0.994722,73.395928,95.86145
132,"h264_qsv","h264_qsv_LA-ICQ","veryslow",4,"-hwaccel qsv -c:v mpeg2_qsv","videos/dist/h264_qsv_bf_refs/08c8a2e67f3b",113549.931640625,7568.7333984375,"-global_quality 25 -look_ahead 1 -bf 12 -refs 12",12.507655382156372,"00:00:12",0.5572175368635648,9.595723285694497,0.979486,0.994722,73.395928,95.86145
133,"h264_qsv","h264_qsv_LA-ICQ","veryslow",4,"-hwaccel qsv -c:v mpeg2_qsv","videos/dist/h264_qsv_bf_refs/e7eadcd5a075",113549.91796875,7568.732421875,"-global_quality 25 -look_ahead 1 -bf 12 -refs 13",12.505097389221191,"00:00:12",0.5572175901763796,9.5976861486462,0.979486,0.994722,73.395928,95.86145
134,"h264_qsv","h264_qsv_LA-ICQ","veryslow",4,"-hwaccel qsv -c:v mpeg2_qsv","videos/dist/h264_qsv_bf_refs/d576045227ef",113549.91796875,7568.732421875,"-global_quality 25 -look_ahead 1 -bf 12 -refs 14",12.504217147827148,"00:00:12",0.5572175901763796,9.598361783156959,0.979486,0.994722,73.395928,95.86145
135,"h264_qsv","h264_qsv_LA-ICQ","veryslow",4,"-hwaccel qsv -c:v mpeg2_qsv","videos/dist/h264_qsv_bf_refs/eecc0c19a83b",113549.904296875,7568.7314453125,"-global_quality 25 -look_ahead 1 -bf 12 -refs 15",12.508843660354614,"00:00:12",0.5572176434891946,9.594811739504747,0.979486,0.994722,73.395928,95.86145
136,"h264_qsv","h264_qsv_LA-ICQ","veryslow",4,"-hwaccel qsv -c:v mpeg2_qsv","videos/dist/h264_qsv_bf_refs/70101ddb8f16",139082.2275390625,9270.6025390625,"-global_quality 25 -look_ahead 1 -bf 12 -refs 16",12.705992221832275,"00:00:12",0.45765558465368994,9.445936838665279,0.468158,0.922634,21.662189,79.943201
137,"h264_qsv","h264_qsv_LA-ICQ","veryslow",4,"-hwaccel qsv -c:v mpeg2_qsv","videos/dist/h264_qsv_bf_refs/c7cbc049cdcc",139082.2275390625,9270.6025390625,"-global_quality 25 -look_ahead 1 -bf 12 -refs 17",12.667270183563232,"00:00:12",0.45765558465368994,9.474811720344867,0.468158,0.922634,21.662189,79.943201
138,"h264_qsv","h264_qsv_LA-ICQ","veryslow",4,"-hwaccel qsv -c:v mpeg2_qsv","videos/dist/h264_qsv_bf_refs/086eabf9fc0c",139082.2275390625,9270.6025390625,"-global_quality 25 -look_ahead 1 -bf 12 -refs 18",12.676583290100098,"00:00:12",0.45765558465368994,9.467850859602745,0.468158,0.922634,21.662189,79.943201
139,"h264_qsv","h264_qsv_LA-ICQ","veryslow",4,"-hwaccel qsv -c:v mpeg2_qsv","videos/dist/h264_qsv_bf_refs/12436991bdbd",139082.2275390625,9270.6025390625,"-global_quality 25 -look_ahead 1 -bf 12 -refs 19",12.710394859313965,"00:00:12",0.45765558465368994,9.44266494695492,0.468158,0.922634,21.662189,79.943201
140,"h264_qsv","h264_qsv_LA-ICQ","veryslow",4,"-hwaccel qsv -c:v mpeg2_qsv","videos/dist/h264_qsv_bf_refs/bf025442d274",139082.2275390625,9270.6025390625,"-global_quality 25 -look_ahead 1 -bf 12 -refs 20",12.704217910766602,"00:00:12",0.45765558465368994,9.447256087939515,0.468158,0.922634,21.662189,79.943201
141,"h264_qsv","h264_qsv_LA-ICQ","veryslow",4,"-hwaccel qsv -c:v mpeg2_qsv","videos/dist/h264_qsv_bf_refs/e1796fc41696",188260.06640625,12548.5791015625,"-global_quality 25 -look_ahead 1 -bf 14 -refs 1",14.230777502059937,"00:00:14",0.26588898197306376,8.43383293587626,0.980578,0.994146,72.610796,95.819109
142,"h264_qsv","h264_qsv_LA-ICQ","veryslow",4,"-hwaccel qsv -c:v mpeg2_qsv","videos/dist/h264_qsv_bf_refs/f53b06837c3a",140689.421875,9377.7314453125,"-global_quality 25 -look_ahead 1 -bf 14 -refs 2",13.974541664123535,"00:00:13",0.45138840812154013,8.5884748770061,0.98229,0.9944,79.712448,95.908575
143,"h264_qsv","h264_qsv_LA-ICQ","veryslow",4,"-hwaccel qsv -c:v mpeg2_qsv","videos/dist/h264_qsv_bf_refs/09ecea777244",140689.4375,9377.732421875,"-global_quality 25 -look_ahead 1 -bf 14 -refs 3",13.9816312789917,"00:00:13",0.4513883471926089,8.584119950319229,0.98229,0.9944,79.712448,95.908575
144,"h264_qsv","h264_qsv_LA-ICQ","veryslow",4,"-hwaccel qsv -c:v mpeg2_qsv","videos/dist/h264_qsv_bf_refs/69f1d77a8e89",140689.4375,9377.732421875,"-global_quality 25 -look_ahead 1 -bf 14 -refs 4",13.970112562179565,"00:00:13",0.4513883471926089,8.59119777781339,0.98229,0.9944,79.712448,95.908575
145,"h264_qsv","h264_qsv_LA-ICQ","veryslow",4,"-hwaccel qsv -c:v mpeg2_qsv","videos/dist/h264_qsv_bf_refs/9d89290ab1e5",111697.6162109375,7445.2666015625,"-global_quality 25 -look_ahead 1 -bf 14 -refs 5",12.718199968338013,"00:00:12",0.5644405512380553,9.436870020819775,0.977989,0.994612,74.953449,95.783213
146,"h264_qsv","h264_qsv_LA-ICQ","veryslow",4,"-hwaccel qsv -c:v mpeg2_qsv","videos/dist/h264_qsv_bf_refs/1e8f2f0c7906",111698.0537109375,7445.2958984375,"-global_quality 25 -look_ahead 1 -bf 14 -refs 6",12.714552879333496,"00:00:12",0.5644388452279783,9.439576927245554,0.977989,0.994612,74.953449,95.783213
147,"h264_qsv","h264_qsv_LA-ICQ","veryslow",4,"-hwaccel qsv -c:v mpeg2_qsv","videos/dist/h264_qsv_bf_refs/4fc7ac07a423",111698.2880859375,7445.3115234375,"-global_quality 25 -look_ahead 1 -bf 14 -refs 7",12.697762489318848,"00:00:12",0.5644379312940084,9.45205898290812,0.977989,0.994612,74.953449,95.783213
148,"h264_qsv","h264_qsv_LA-ICQ","veryslow",4,"-hwaccel qsv -c:v mpeg2_qsv","videos/dist/h264_qsv_bf_refs/d553de4095ad",111698.2744140625,7445.310546875,"-global_quality 25 -look_ahead 1 -bf 14 -refs 8",12.694684267044067,"00:00:12",0.5644379846068234,9.454350929512831,0.977989,0.994612,74.953449,95.783213
149,"h264_qsv","h264_qsv_LA-ICQ","veryslow",4,"-hwaccel qsv -c:v mpeg2_qsv","videos/dist/h264_qsv_bf_refs/f841c37b7336",111698.2744140625,7445.310546875,"-global_quality 25 -look_ahead 1 -bf 14 -refs 9",12.69800066947937,"00:00:12",0.5644379846068234,9.45188168783747,0.977989,0.994612,74.953449,95.783213
150,"h264_qsv","h264_qsv_LA-ICQ","veryslow",4,"-hwaccel qsv -c:v mpeg2_qsv","videos/dist/h264_qsv_bf_refs/c2101e719380",111698.4658203125,7445.3232421875,"-global_quality 25 -look_ahead 1 -bf 14 -refs 10",12.701417446136475,"00:00:12",0.5644372382274148,9.449339060697337,0.977989,0.994612,74.953449,95.783213
151,"h264_qsv","h264_qsv_LA-ICQ","veryslow",4,"-hwaccel qsv -c:v mpeg2_qsv","videos/dist/h264_qsv_bf_refs/745ecdffe7c8",111698.4521484375,7445.322265625,"-global_quality 25 -look_ahead 1 -bf 14 -refs 11",12.706597089767456,"00:00:12",0.5644372915402296,9.445487186860703,0.977989,0.994612,74.953449,95.783213
152,"h264_qsv","h264_qsv_LA-ICQ","veryslow",4,"-hwaccel qsv -c:v mpeg2_qsv","videos/dist/h264_qsv_bf_refs/8b8e206b0613",111698.4384765625,7445.3212890625,"-global_quality 25 -look_ahead 1 -bf 14 -refs 12",12.702983856201172,"00:00:12",0.5644373448530445,9.44817385888515,0.977989,0.994612,74.953449,95.783213
153,"h264_qsv","h264_qsv_LA-ICQ","veryslow",4,"-hwaccel qsv -c:v mpeg2_qsv","videos/dist/h264_qsv_bf_refs/a4a9fe8a18be",111698.4248046875,7445.3203125,"-global_quality 25 -look_ahead 1 -bf 14 -refs 13",12.703951597213745,"00:00:12",0.5644373981658595,9.44745413122662,0.977989,0.994612,74.953449,95.783213
154,"h264_qsv","h264_qsv_LA-ICQ","veryslow",4,"-hwaccel qsv -c:v mpeg2_qsv","videos/dist/h264_qsv_bf_refs/dff79a84e393",111698.4111328125,7445.3193359375,"-global_quality 25 -look_ahead 1 -bf 14 -refs 14",12.702920198440552,"00:00:12",0.5644374514786743,9.448221206233667,0.977989,0.994612,74.953449,95.783213
155,"h264_qsv","h264_qsv_LA-ICQ","veryslow",4,"-hwaccel qsv -c:v mpeg2_qsv","videos/dist/h264_qsv_bf_refs/a77059e61a5b",111698.3974609375,7445.318359375,"-global_quality 25 -look_ahead 1 -bf 14 -refs 15",12.703760385513306,"00:00:12",0.5644375047914892,9.447596330364073,0.977989,0.994612,74.953449,95.783213
156,"h264_qsv","h264_qsv_LA-ICQ","veryslow",4,"-hwaccel qsv -c:v mpeg2_qsv","videos/dist/h264_qsv_bf_refs/69aa6e0fec5e",133858.0341796875,8922.3818359375,"-global_quality 25 -look_ahead 1 -bf 14 -refs 16",12.864484071731567,"00:00:12",0.47802707383156173,9.329561864337187,0.449367,0.932629,20.316158,80.9513
157,"h264_qsv","h264_qsv_LA-ICQ","veryslow",4,"-hwaccel qsv -c:v mpeg2_qsv","videos/dist/h264_qsv_bf_refs/69aa6e0fec5e",133858.0341796875,8922.3818359375,"-global_quality 25 -look_ahead 1 -bf 14 -refs 16",12.840888023376465,"00:00:12",0.47802707383156173,9.346705600228509,0.449367,0.932629,20.316158,80.9513
158,"h264_qsv","h264_qsv_LA-ICQ","veryslow",4,"-hwaccel qsv -c:v mpeg2_qsv","videos/dist/h264_qsv_bf_refs/917ddff8fff7",133858.0341796875,8922.3818359375,"-global_quality 25 -look_ahead 1 -bf 14 -refs 17",12.834681272506714,"00:00:12",0.47802707383156173,9.351225593509355,0.449367,0.932629,20.316158,80.9513
159,"h264_qsv","h264_qsv_LA-ICQ","veryslow",4,"-hwaccel qsv -c:v mpeg2_qsv","videos/dist/h264_qsv_bf_refs/0f379e587ffa",133858.0341796875,8922.3818359375,"-global_quality 25 -look_ahead 1 -bf 14 -refs 18",12.836197853088379,"00:00:12",0.47802707383156173,9.350120758003374,0.449367,0.932629,20.316158,80.9513
160,"h264_qsv","h264_qsv_LA-ICQ","veryslow",4,"-hwaccel qsv -c:v mpeg2_qsv","videos/dist/h264_qsv_bf_refs/03c1e86da0a4",133858.0341796875,8922.3818359375,"-global_quality 25 -look_ahead 1 -bf 14 -refs 19",12.83749771118164,"00:00:12",0.47802707383156173,9.349174013519853,0.449367,0.932629,20.316158,80.9513
161,"h264_qsv","h264_qsv_LA-ICQ","veryslow",4,"-hwaccel qsv -c:v mpeg2_qsv","videos/dist/h264_qsv_bf_refs/0b6126434a4b",133858.0341796875,8922.3818359375,"-global_quality 25 -look_ahead 1 -bf 14 -refs 20",12.842069864273071,"00:00:12",0.47802707383156173,9.345845433678752,0.449367,0.932629,20.316158,80.9513
162,"h264_qsv","h264_qsv_LA-ICQ","veryslow",4,"-hwaccel qsv -c:v mpeg2_qsv","videos/dist/h264_qsv_bf_refs/6d7efd5767ba",190591.1806640625,12703.9609375,"-global_quality 25 -look_ahead 1 -bf 16 -refs 1",14.332937955856323,"00:00:14",0.2567989147399682,8.37371935674645,0.980075,0.994032,74.165797,95.804389
163,"h264_qsv","h264_qsv_LA-ICQ","veryslow",4,"-hwaccel qsv -c:v mpeg2_qsv","videos/dist/h264_qsv_bf_refs/b0b2e5a0af3a",143151.509765625,9541.8427734375,"-global_quality 25 -look_ahead 1 -bf 16 -refs 2",14.082876920700073,"00:00:14",0.4417876155458158,8.522406371640269,0.98224,0.994259,74.702748,95.864787
164,"h264_qsv","h264_qsv_LA-ICQ","veryslow",4,"-hwaccel qsv -c:v mpeg2_qsv","videos/dist/h264_qsv_bf_refs/f94921504e19",143151.525390625,9541.84375,"-global_quality 25 -look_ahead 1 -bf 16 -refs 3",14.09072995185852,"00:00:14",0.44178755461688446,8.51765667286596,0.98224,0.994259,74.702748,95.864787
165,"h264_qsv","h264_qsv_LA-ICQ","veryslow",4,"-hwaccel qsv -c:v mpeg2_qsv","videos/dist/h264_qsv_bf_refs/5449fc45cc8e",143151.525390625,9541.84375,"-global_quality 25 -look_ahead 1 -bf 16 -refs 4",14.098093748092651,"00:00:14",0.44178755461688446,8.513207682154734,0.98224,0.994259,74.702748,95.864787
166,"h264_qsv","h264_qsv_LA-ICQ","veryslow",4,"-hwaccel qsv -c:v mpeg2_qsv","videos/dist/h264_qsv_bf_refs/6ec7a40b455f",143151.525390625,9541.84375,"-global_quality 25 -look_ahead 1 -bf 16 -refs 5",14.097312927246094,"00:00:14",0.44178755461688446,8.513679211024357,0.98224,0.994259,74.702748,95.864787
167,"h264_qsv","h264_qsv_LA-ICQ","veryslow",4,"-hwaccel qsv -c:v mpeg2_qsv","videos/dist/h264_qsv_bf_refs/b7c445927f1a",108452.9111328125,7228.98828125,"-global_quality 25 -look_ahead 1 -bf 16 -refs 6",12.776273488998413,"00:00:12",0.5770931216613516,9.393975489280864,0.977746,0.994418,73.415584,95.700976
168,"h264_qsv","h264_qsv_LA-ICQ","veryslow",4,"-hwaccel qsv -c:v mpeg2_qsv","videos/dist/h264_qsv_bf_refs/5637e85c279f",108452.912109375,7228.9892578125,"-global_quality 25 -look_ahead 1 -bf 16 -refs 7",12.755936622619629,"00:00:12",0.5770931178532934,9.408952360830407,0.977746,0.994418,73.415584,95.700976
169,"h264_qsv","h264_qsv_LA-ICQ","veryslow",4,"-hwaccel qsv -c:v mpeg2_qsv","videos/dist/h264_qsv_bf_refs/152811a5b071",108452.8984375,7228.98828125,"-global_quality 25 -look_ahead 1 -bf 16 -refs 8",12.756831884384155,"00:00:12",0.5770931711661083,9.408292049918634,0.977746,0.994418,73.415584,95.700976
170,"h264_qsv","h264_qsv_LA-ICQ","veryslow",4,"-hwaccel qsv -c:v mpeg2_qsv","videos/dist/h264_qsv_bf_refs/cb71aa84cfaf",108452.884765625,7228.9873046875,"-global_quality 25 -look_ahead 1 -bf 16 -refs 9",12.761069536209106,"00:00:12",0.5770932244789232,9.405167776842472,0.977746,0.994418,73.415584,95.700976
171,"h264_qsv","h264_qsv_LA-ICQ","veryslow",4,"-hwaccel qsv -c:v mpeg2_qsv","videos/dist/h264_qsv_bf_refs/5f3e355d8c15",108452.693359375,7228.974609375,"-global_quality 25 -look_ahead 1 -bf 16 -refs 10",12.753729104995728,"00:00:12",0.5770939708583319,9.410580937695102,0.977746,0.994418,73.415584,95.700976
172,"h264_qsv","h264_qsv_LA-ICQ","veryslow",4,"-hwaccel qsv -c:v mpeg2_qsv","videos/dist/h264_qsv_bf_refs/fd27cbabc4a7",108452.857421875,7228.9853515625,"-global_quality 25 -look_ahead 1 -bf 16 -refs 11",12.76021409034729,"00:00:12",0.577093331104553,9.405798300107788,0.977746,0.994418,73.415584,95.700976
173,"h264_qsv","h264_qsv_LA-ICQ","veryslow",4,"-hwaccel qsv -c:v mpeg2_qsv","videos/dist/h264_qsv_bf_refs/fd4892a75297",108452.84375,7228.984375,"-global_quality 25 -look_ahead 1 -bf 16 -refs 12",12.76316523551941,"00:00:12",0.5770933844173679,9.403623457446812,0.977746,0.994418,73.415584,95.700976
174,"h264_qsv","h264_qsv_LA-ICQ","veryslow",4,"-hwaccel qsv -c:v mpeg2_qsv","videos/dist/h264_qsv_bf_refs/013654540582",108452.830078125,7228.9833984375,"-global_quality 25 -look_ahead 1 -bf 16 -refs 13",12.768499851226807,"00:00:12",0.5770934377301828,9.39969467035459,0.977746,0.994418,73.415584,95.700976
175,"h264_qsv","h264_qsv_LA-ICQ","veryslow",4,"-hwaccel qsv -c:v mpeg2_qsv","videos/dist/h264_qsv_bf_refs/e26061873825",108452.81640625,7228.982421875,"-global_quality 25 -look_ahead 1 -bf 16 -refs 14",12.76548957824707,"00:00:12",0.5770934910429977,9.401911243930599,0.977746,0.994418,73.415584,95.700976
176,"h264_qsv","h264_qsv_LA-ICQ","veryslow",4,"-hwaccel qsv -c:v mpeg2_qsv","videos/dist/h264_qsv_bf_refs/940aafb449b6",108452.802734375,7228.9814453125,"-global_quality 25 -look_ahead 1 -bf 16 -refs 15",12.763579368591309,"00:00:12",0.5770935443558127,9.403318343077485,0.977746,0.994418,73.415584,95.700976
177,"h264_qsv","h264_qsv_LA-ICQ","veryslow",4,"-hwaccel qsv -c:v mpeg2_qsv","videos/dist/h264_qsv_bf_refs/072943d108ef",132866.2822265625,8856.275390625,"-global_quality 25 -look_ahead 1 -bf 16 -refs 16",12.916019678115845,"00:00:12",0.4818943625765243,9.292336415633907,0.442645,0.903456,13.778512,74.74239
178,"h264_qsv","h264_qsv_LA-ICQ","veryslow",4,"-hwaccel qsv -c:v mpeg2_qsv","videos/dist/h264_qsv_bf_refs/0a07b64dd829",132866.2822265625,8856.275390625,"-global_quality 25 -look_ahead 1 -bf 16 -refs 17",12.933650016784668,"00:00:12",0.4818943625765243,9.279669686766212,0.442645,0.903456,13.778512,74.74239
179,"h264_qsv","h264_qsv_LA-ICQ","veryslow",4,"-hwaccel qsv -c:v mpeg2_qsv","videos/dist/h264_qsv_bf_refs/b32ef100865a",132866.2822265625,8856.275390625,"-global_quality 25 -look_ahead 1 -bf 16 -refs 18",12.927347421646118,"00:00:12",0.4818943625765243,9.284193894180738,0.442645,0.903456,13.778512,74.74239
180,"h264_qsv","h264_qsv_LA-ICQ","veryslow",4,"-hwaccel qsv -c:v mpeg2_qsv","videos/dist/h264_qsv_bf_refs/fbf5ee818538",132866.2822265625,8856.275390625,"-global_quality 25 -look_ahead 1 -bf 16 -refs 19",12.927319049835205,"00:00:12",0.4818943625765243,9.284214270361803,0.442645,0.903456,13.778512,74.74239
181,"h264_qsv","h264_qsv_LA-ICQ","veryslow",4,"-hwaccel qsv -c:v mpeg2_qsv","videos/dist/h264_qsv_bf_refs/680e1ff5d7b5",132866.2822265625,8856.275390625,"-global_quality 25 -look_ahead 1 -bf 16 -refs 20",12.90689754486084,"00:00:12",0.4818943625765243,9.298903906445632,0.442645,0.903456,13.778512,74.74239
182,"h264_qsv","h264_qsv_LA-ICQ","veryslow",4,"-hwaccel qsv -c:v mpeg2_qsv","videos/dist/h264_qsv_bf_refs/7fcb45fbfce7",196509.7275390625,13098.46484375,"-global_quality 25 -look_ahead 1 -bf 18 -refs 1",14.430978536605835,"00:00:14",0.23371982763144405,8.316830331051735,0.979884,0.993906,73.005113,95.669333
183,"h264_qsv","h264_qsv_LA-ICQ","veryslow",4,"-hwaccel qsv -c:v mpeg2_qsv","videos/dist/h264_qsv_bf_refs/d1aa94e6329e",145490.458984375,9697.7470703125,"-global_quality 25 -look_ahead 1 -bf 18 -refs 2",14.145465612411499,"00:00:14",0.43266699626172067,8.48469773202037,0.982697,0.994116,77.143222,95.729637
184,"h264_qsv","h264_qsv_LA-ICQ","veryslow",4,"-hwaccel qsv -c:v mpeg2_qsv","videos/dist/h264_qsv_bf_refs/9f3f09b54dd6",145490.474609375,9697.748046875,"-global_quality 25 -look_ahead 1 -bf 18 -refs 3",14.150675535202026,"00:00:14",0.4326669353327893,8.481573879736795,0.982697,0.994116,77.143222,95.729637
185,"h264_qsv","h264_qsv_LA-ICQ","veryslow",4,"-hwaccel qsv -c:v mpeg2_qsv","videos/dist/h264_qsv_bf_refs/f4db05535bd2",145490.474609375,9697.748046875,"-global_quality 25 -look_ahead 1 -bf 18 -refs 4",14.139076948165894,"00:00:14",0.4326669353327893,8.488531496079656,0.982697,0.994116,77.143222,95.729637
186,"h264_qsv","h264_qsv_LA-ICQ","veryslow",4,"-hwaccel qsv -c:v mpeg2_qsv","videos/dist/h264_qsv_bf_refs/db7d6e16ff17",145490.474609375,9697.748046875,"-global_quality 25 -look_ahead 1 -bf 18 -refs 5",14.146576166152954,"00:00:14",0.4326669353327893,8.484031654751869,0.982697,0.994116,77.143222,95.729637
187,"h264_qsv","h264_qsv_LA-ICQ","veryslow",4,"-hwaccel qsv -c:v mpeg2_qsv","videos/dist/h264_qsv_bf_refs/ceec370790ba",105069.279296875,7003.451171875,"-global_quality 25 -look_ahead 1 -bf 18 -refs 6",12.661481380462646,"00:00:12",0.5902874302533194,9.47914358466754,0.978717,0.99419,71.757024,95.501835
188,"h264_qsv","h264_qsv_LA-ICQ","veryslow",4,"-hwaccel qsv -c:v mpeg2_qsv","videos/dist/h264_qsv_bf_refs/f6e823d5aa0c",105069.2802734375,7003.451171875,"-global_quality 25 -look_ahead 1 -bf 18 -refs 7",12.677969932556152,"00:00:12",0.5902874264452613,9.4668153212603,0.978717,0.99419,71.757024,95.501835
189,"h264_qsv","h264_qsv_LA-ICQ","veryslow",4,"-hwaccel qsv -c:v mpeg2_qsv","videos/dist/h264_qsv_bf_refs/3904d4d07bcc",105069.2666015625,7003.4501953125,"-global_quality 25 -look_ahead 1 -bf 18 -refs 8",12.661571741104126,"00:00:12",0.5902874797580762,9.479075935760081,0.978717,0.99419,71.757024,95.501835
190,"h264_qsv","h264_qsv_LA-ICQ","veryslow",4,"-hwaccel qsv -c:v mpeg2_qsv","videos/dist/h264_qsv_bf_refs/79745bcd2ab7",105069.2529296875,7003.44921875,"-global_quality 25 -look_ahead 1 -bf 18 -refs 9",12.668015480041504,"00:00:12",0.5902875330708911,9.474254289402461,0.978717,0.99419,71.757024,95.501835
191,"h264_qsv","h264_qsv_LA-ICQ","veryslow",4,"-hwaccel qsv -c:v mpeg2_qsv","videos/dist/h264_qsv_bf_refs/ce2e15a375db",105069.2392578125,7003.4482421875,"-global_quality 25 -look_ahead 1 -bf 18 -refs 10",12.68049168586731,"00:00:12",0.590287586383706,9.464932667694972,0.978717,0.99419,71.757024,95.501835
192,"h264_qsv","h264_qsv_LA-ICQ","veryslow",4,"-hwaccel qsv -c:v mpeg2_qsv","videos/dist/h264_qsv_bf_refs/e3bd850977c4",105069.2255859375,7003.447265625,"-global_quality 25 -look_ahead 1 -bf 18 -refs 11",12.670538187026978,"00:00:12",0.5902876396965209,9.472367963255518,0.978717,0.99419,71.757024,95.501835
193,"h264_qsv","h264_qsv_LA-ICQ","veryslow",4,"-hwaccel qsv -c:v mpeg2_qsv","videos/dist/h264_qsv_bf_refs/4473dd87c3da",105069.0341796875,7003.4345703125,"-global_quality 25 -look_ahead 1 -bf 18 -refs 12",12.68780255317688,"00:00:12",0.5902883860759296,9.459478857506998,0.978717,0.99419,71.757024,95.501835
194,"h264_qsv","h264_qsv_LA-ICQ","veryslow",4,"-hwaccel qsv -c:v mpeg2_qsv","videos/dist/h264_qsv_bf_refs/b144cac03b6b",105069.1845703125,7003.4443359375,"-global_quality 25 -look_ahead 1 -bf 18 -refs 13",12.685993671417236,"00:00:12",0.5902877996349656,9.46082767409987,0.978717,0.99419,71.757024,95.501835
195,"h264_qsv","h264_qsv_LA-ICQ","veryslow",4,"-hwaccel qsv -c:v mpeg2_qsv","videos/dist/h264_qsv_bf_refs/7ecb3f21ca62",105069.1708984375,7003.443359375,"-global_quality 25 -look_ahead 1 -bf 18 -refs 14",12.687723875045776,"00:00:12",0.5902878529477805,9.459537516895006,0.978717,0.99419,71.757024,95.501835
196,"h264_qsv","h264_qsv_LA-ICQ","veryslow",4,"-hwaccel qsv -c:v mpeg2_qsv","videos/dist/h264_qsv_bf_refs/143307f1cee6",105069.1572265625,7003.4423828125,"-global_quality 25 -look_ahead 1 -bf 18 -refs 15",12.686523199081421,"00:00:12",0.5902879062605955,9.46043278498006,0.978717,0.99419,71.757024,95.501835
197,"h264_qsv","h264_qsv_LA-ICQ","veryslow",4,"-hwaccel qsv -c:v mpeg2_qsv","videos/dist/h264_qsv_bf_refs/7192c1c0d1d2",127177.7890625,8477.10546875,"-global_quality 25 -look_ahead 1 -bf 18 -refs 16",12.860350608825684,"00:00:12",0.5040763663727927,9.332560491596066,0.512046,0.971545,18.501889,89.921381
198,"h264_qsv","h264_qsv_LA-ICQ","veryslow",4,"-hwaccel qsv -c:v mpeg2_qsv","videos/dist/h264_qsv_bf_refs/5af8f8b30149",127177.7890625,8477.10546875,"-global_quality 25 -look_ahead 1 -bf 18 -refs 17",12.85607647895813,"00:00:12",0.5040763663727927,9.335663193699867,0.512046,0.971545,18.501889,89.921381
199,"h264_qsv","h264_qsv_LA-ICQ","veryslow",4,"-hwaccel qsv -c:v mpeg2_qsv","videos/dist/h264_qsv_bf_refs/7c21a945d18a",127177.7890625,8477.10546875,"-global_quality 25 -look_ahead 1 -bf 18 -refs 18",12.847808599472046,"00:00:12",0.5040763663727927,9.3416709216023,0.512046,0.971545,18.501889,89.921381
200,"h264_qsv","h264_qsv_LA-ICQ","veryslow",4,"-hwaccel qsv -c:v mpeg2_qsv","videos/dist/h264_qsv_bf_refs/5504889fba82",127177.7890625,8477.10546875,"-global_quality 25 -look_ahead 1 -bf 18 -refs 19",12.843032121658325,"00:00:12",0.5040763663727927,9.345145201155404,0.512046,0.971545,18.501889,89.921381
201,"h264_qsv","h264_qsv_LA-ICQ","veryslow",4,"-hwaccel qsv -c:v mpeg2_qsv","videos/dist/h264_qsv_bf_refs/3e7fb07be9b4",127177.7890625,8477.10546875,"-global_quality 25 -look_ahead 1 -bf 18 -refs 20",12.82151746749878,"00:00:12",0.5040763663727927,9.360826462564846,0.512046,0.971545,18.501889,89.921381
202,"h264_qsv","h264_qsv_LA-ICQ","veryslow",4,"-hwaccel qsv -c:v mpeg2_qsv","videos/dist/h264_qsv_bf_refs/206d09d21b25",195640.6630859375,13040.537109375,"-global_quality 25 -look_ahead 1 -bf 20 -refs 1",14.548105478286743,"00:00:14",0.23710870240766913,8.249871447463148,0.980297,0.993797,68.489367,95.638831
203,"h264_qsv","h264_qsv_LA-ICQ","veryslow",4,"-hwaccel qsv -c:v mpeg2_qsv","videos/dist/h264_qsv_bf_refs/4b250d849f2b",145507.6181640625,9698.890625,"-global_quality 25 -look_ahead 1 -bf 20 -refs 2",14.237847089767456,"00:00:14",0.4326000848709549,8.429645243644787,0.981825,0.994027,77.997088,95.719996
204,"h264_qsv","h264_qsv_LA-ICQ","veryslow",4,"-hwaccel qsv -c:v mpeg2_qsv","videos/dist/h264_qsv_bf_refs/3154498638f7",145507.6337890625,9698.8916015625,"-global_quality 25 -look_ahead 1 -bf 20 -refs 3",14.239668846130371,"00:00:14",0.43260002394202357,8.428566794417794,0.981825,0.994027,77.997088,95.719996
205,"h264_qsv","h264_qsv_LA-ICQ","veryslow",4,"-hwaccel qsv -c:v mpeg2_qsv","videos/dist/h264_qsv_bf_refs/63ef2f2b4c39",145507.6337890625,9698.8916015625,"-global_quality 25 -look_ahead 1 -bf 20 -refs 4",14.238756656646729,"00:00:14",0.43260002394202357,8.42910676080513,0.981825,0.994027,77.997088,95.719996
206,"h264_qsv","h264_qsv_LA-ICQ","veryslow",4,"-hwaccel qsv -c:v mpeg2_qsv","videos/dist/h264_qsv_bf_refs/441939a09deb",145507.6337890625,9698.8916015625,"-global_quality 25 -look_ahead 1 -bf 20 -refs 5",14.232717275619507,"00:00:14",0.43260002394202357,8.432683490846332,0.981825,0.994027,77.997088,95.719996
207,"h264_qsv","h264_qsv_LA-ICQ","veryslow",4,"-hwaccel qsv -c:v mpeg2_qsv","videos/dist/h264_qsv_bf_refs/92c7ba2ae475",145507.6337890625,9698.8916015625,"-global_quality 25 -look_ahead 1 -bf 20 -refs 6",14.23950743675232,"00:00:14",0.43260002394202357,8.428662334922281,0.981825,0.994027,77.997088,95.719996
208,"h264_qsv","h264_qsv_LA-ICQ","veryslow",4,"-hwaccel qsv -c:v mpeg2_qsv","videos/dist/h264_qsv_bf_refs/e71d3818d758",105643.4169921875,7041.720703125,"-global_quality 25 -look_ahead 1 -bf 20 -refs 7",12.618070363998413,"00:00:12",0.588048608096081,9.511755485405937,0.977441,0.994124,73.598941,95.470321
209,"h264_qsv","h264_qsv_LA-ICQ","veryslow",4,"-hwaccel qsv -c:v mpeg2_qsv","videos/dist/h264_qsv_bf_refs/f4beb6618f3a",105643.40234375,7041.7197265625,"-global_quality 25 -look_ahead 1 -bf 20 -refs 8",12.626780986785889,"00:00:12",0.5880486652169541,9.505193772316371,0.977441,0.994124,73.598941,95.470321
210,"h264_qsv","h264_qsv_LA-ICQ","veryslow",4,"-hwaccel qsv -c:v mpeg2_qsv","videos/dist/h264_qsv_bf_refs/39b36ad5af9f",105643.388671875,7041.71875,"-global_quality 25 -look_ahead 1 -bf 20 -refs 9",12.63267707824707,"00:00:12",0.588048718529769,9.500757381558444,0.977441,0.994124,73.598941,95.470321
211,"h264_qsv","h264_qsv_LA-ICQ","veryslow",4,"-hwaccel qsv -c:v mpeg2_qsv","videos/dist/h264_qsv_bf_refs/d9007a5082d0",105643.375,7041.7177734375,"-global_quality 25 -look_ahead 1 -bf 20 -refs 10",12.635770320892334,"00:00:12",0.588048771842584,9.49843159158691,0.977441,0.994124,73.598941,95.470321
212,"h264_qsv","h264_qsv_LA-ICQ","veryslow",4,"-hwaccel qsv -c:v mpeg2_qsv","videos/dist/h264_qsv_bf_refs/1739ce0cddae",105643.361328125,7041.716796875,"-global_quality 25 -look_ahead 1 -bf 20 -refs 11",12.627973794937134,"00:00:12",0.5880488251553988,9.504295934484674,0.977441,0.994124,73.598941,95.470321
213,"h264_qsv","h264_qsv_LA-ICQ","veryslow",4,"-hwaccel qsv -c:v mpeg2_qsv","videos/dist/h264_qsv_bf_refs/211712b8f710",105643.34765625,7041.7158203125,"-global_quality 25 -look_ahead 1 -bf 20 -refs 12",12.621227741241455,"00:00:12",0.5880488784682137,9.50937598628535,0.977441,0.994124,73.598941,95.470321
214,"h264_qsv","h264_qsv_LA-ICQ","veryslow",4,"-hwaccel qsv -c:v mpeg2_qsv","videos/dist/h264_qsv_bf_refs/8c88dbbd88ca",105643.333984375,7041.71484375,"-global_quality 25 -look_ahead 1 -bf 20 -refs 13",12.625976324081421,"00:00:12",0.5880489317810287,9.505799545266598,0.977441,0.994124,73.598941,95.470321
215,"h264_qsv","h264_qsv_LA-ICQ","veryslow",4,"-hwaccel qsv -c:v mpeg2_qsv","videos/dist/h264_qsv_bf_refs/5be2c224ac59",105643.3203125,7041.7138671875,"-global_quality 25 -look_ahead 1 -bf 20 -refs 14",12.633263349533081,"00:00:12",0.5880489850938435,9.500316480336481,0.977441,0.994124,73.598941,95.470321
216,"h264_qsv","h264_qsv_LA-ICQ","veryslow",4,"-hwaccel qsv -c:v mpeg2_qsv","videos/dist/h264_qsv_bf_refs/9868182d3a06",105643.306640625,7041.712890625,"-global_quality 25 -look_ahead 1 -bf 20 -refs 15",12.621303081512451,"00:00:12",0.5880490384066586,9.509319222022645,0.977441,0.994124,73.598941,95.470321
217,"h264_qsv","h264_qsv_LA-ICQ","veryslow",4,"-hwaccel qsv -c:v mpeg2_qsv","videos/dist/h264_qsv_bf_refs/71f4e2309e81",130663.873046875,8709.47265625,"-global_quality 25 -look_ahead 1 -bf 20 -refs 16",12.81141209602356,"00:00:12",0.49048255058620716,9.368210084917347,0.490772,0.958589,13.927102,86.724128
218,"h264_qsv","h264_qsv_LA-ICQ","veryslow",4,"-hwaccel qsv -c:v mpeg2_qsv","videos/dist/h264_qsv_bf_refs/8112fb4f9f71",130663.873046875,8709.47265625,"-global_quality 25 -look_ahead 1 -bf 20 -refs 17",12.811309099197388,"00:00:12",0.49048255058620716,9.368285400866574,0.490772,0.958589,13.927102,86.724128
219,"h264_qsv","h264_qsv_LA-ICQ","veryslow",4,"-hwaccel qsv -c:v mpeg2_qsv","videos/dist/h264_qsv_bf_refs/6bb905c881dc",130663.873046875,8709.47265625,"-global_quality 25 -look_ahead 1 -bf 20 -refs 18",12.817172765731812,"00:00:12",0.49048255058620716,9.36399954917416,0.490772,0.958589,13.927102,86.724128
220,"h264_qsv","h264_qsv_LA-ICQ","veryslow",4,"-hwaccel qsv -c:v mpeg2_qsv","videos/dist/h264_qsv_bf_refs/9ecfd1b17f2b",130663.873046875,8709.47265625,"-global_quality 25 -look_ahead 1 -bf 20 -refs 19",12.825973272323608,"00:00:12",0.49048255058620716,9.357574466413702,0.490772,0.958589,13.927102,86.724128
221,"h264_qsv","h264_qsv_LA-ICQ","veryslow",4,"-hwaccel qsv -c:v mpeg2_qsv","videos/dist/h264_qsv_bf_refs/c6891caea319",130663.873046875,8709.47265625,"-global_quality 25 -look_ahead 1 -bf 20 -refs 20",12.807360410690308,"00:00:12",0.49048255058620716,9.371173774403918,0.490772,0.958589,13.927102,86.724128
