"index","codec","type","preset","threads","infile_options","outfile_filename","outfile_size_kbyte","outfile_bit_rate_kbs","outfile_options","elapsed_encode_second","elapsed_encode_time","compression_ratio_persent","compression_speed","ssim_min","ssim_harmonic_mean","vmaf_min","vmaf_harmonic_mean"
0,"h264_qsv","h264_qsv_LA-ICQ","veryslow",4,"-hwaccel qsv -c:v mpeg2_qsv","videos/dist/h264_qsv_look_ahead_depth/3c19a90fd2e3",108452.884765625,7228.9873046875,"-global_quality 25 -look_ahead 1 -bf 16 -refs 9",12.766655206680298,"00:00:12",0.5770932244789232,9.401052825269234,0.977746,0.994418,73.415584,95.700976
1,"h264_qsv","h264_qsv_LA-ICQ","veryslow",4,"-hwaccel qsv -c:v mpeg2_qsv","videos/dist/h264_qsv_look_ahead_depth/b6273e35c5e7",108452.884765625,7228.9873046875,"-global_quality 25 -look_ahead 1 -bf 16 -refs 9 -look_ahead_depth 0",12.759967565536499,"00:00:12",0.5770932244789232,9.405980021780227,0.977746,0.994418,73.415584,95.700976
2,"h264_qsv","h264_qsv_LA-ICQ","veryslow",4,"-hwaccel qsv -c:v mpeg2_qsv","videos/dist/h264_qsv_look_ahead_depth/65e2e3787d3c",108452.884765625,7228.9873046875,"-global_quality 25 -look_ahead 1 -bf 16 -refs 9 -look_ahead_depth 5",12.757693529129028,"00:00:12",0.5770932244789232,9.407656621156802,0.977746,0.994418,73.415584,95.700976
3,"h264_qsv","h264_qsv_LA-ICQ","veryslow",4,"-hwaccel qsv -c:v mpeg2_qsv","videos/dist/h264_qsv_look_ahead_depth/1636e1d1cf4b",108452.884765625,7228.9873046875,"-global_quality 25 -look_ahead 1 -bf 16 -refs 9 -look_ahead_depth 10",12.756316900253296,"00:00:12",0.5770932244789232,9.408671871237129,0.977746,0.994418,73.415584,95.700976
4,"h264_qsv","h264_qsv_LA-ICQ","veryslow",4,"-hwaccel qsv -c:v mpeg2_qsv","videos/dist/h264_qsv_look_ahead_depth/b7a93dd0d48c",108452.884765625,7228.9873046875,"-global_quality 25 -look_ahead 1 -bf 16 -refs 9 -look_ahead_depth 15",12.760942220687866,"00:00:12",0.5770932244789232,9.40526161190709,0.977746,0.994418,73.415584,95.700976
5,"h264_qsv","h264_qsv_LA-ICQ","veryslow",4,"-hwaccel qsv -c:v mpeg2_qsv","videos/dist/h264_qsv_look_ahead_depth/d6e87629157a",108452.884765625,7228.9873046875,"-global_quality 25 -look_ahead 1 -bf 16 -refs 9 -look_ahead_depth 20",12.765463829040527,"00:00:12",0.5770932244789232,9.401930208518,0.977746,0.994418,73.415584,95.700976
6,"h264_qsv","h264_qsv_LA-ICQ","veryslow",4,"-hwaccel qsv -c:v mpeg2_qsv","videos/dist/h264_qsv_look_ahead_depth/d746d4402efa",108452.884765625,7228.9873046875,"-global_quality 25 -look_ahead 1 -bf 16 -refs 9 -look_ahead_depth 25",12.787364482879639,"00:00:12",0.5770932244789232,9.385827717720002,0.977746,0.994418,73.415584,95.700976
7,"h264_qsv","h264_qsv_LA-ICQ","veryslow",4,"-hwaccel qsv -c:v mpeg2_qsv","videos/dist/h264_qsv_look_ahead_depth/1b6a997a3a94",108452.884765625,7228.9873046875,"-global_quality 25 -look_ahead 1 -bf 16 -refs 9 -look_ahead_depth 30",12.760958671569824,"00:00:12",0.5770932244789232,9.40524948704621,0.977746,0.994418,73.415584,95.700976
8,"h264_qsv","h264_qsv_LA-ICQ","veryslow",4,"-hwaccel qsv -c:v mpeg2_qsv","videos/dist/h264_qsv_look_ahead_depth/425b68c198a4",108452.884765625,7228.9873046875,"-global_quality 25 -look_ahead 1 -bf 16 -refs 9 -look_ahead_depth 35",12.766842126846313,"00:00:12",0.5770932244789232,9.400915183843315,0.977746,0.994418,73.415584,95.700976
9,"h264_qsv","h264_qsv_LA-ICQ","veryslow",4,"-hwaccel qsv -c:v mpeg2_qsv","videos/dist/h264_qsv_look_ahead_depth/e246d38bb4e3",108452.884765625,7228.9873046875,"-global_quality 25 -look_ahead 1 -bf 16 -refs 9 -look_ahead_depth 40",12.764740228652954,"00:00:12",0.5770932244789232,9.402463179829672,0.977746,0.994418,73.415584,95.700976
10,"h264_qsv","h264_qsv_LA-ICQ","veryslow",4,"-hwaccel qsv -c:v mpeg2_qsv","videos/dist/h264_qsv_look_ahead_depth/0d4186a0c259",108452.884765625,7228.9873046875,"-global_quality 25 -look_ahead 1 -bf 16 -refs 9 -look_ahead_depth 45",12.755440950393677,"00:00:12",0.5770932244789232,9.40931798961413,0.977746,0.994418,73.415584,95.700976
11,"h264_qsv","h264_qsv_LA-ICQ","veryslow",4,"-hwaccel qsv -c:v mpeg2_qsv","videos/dist/h264_qsv_look_ahead_depth/72890ebd59bd",108452.884765625,7228.9873046875,"-global_quality 25 -look_ahead 1 -bf 16 -refs 9 -look_ahead_depth 50",12.759345769882202,"00:00:12",0.5770932244789232,9.406438399318342,0.977746,0.994418,73.415584,95.700976
12,"h264_qsv","h264_qsv_LA-ICQ","veryslow",4,"-hwaccel qsv -c:v mpeg2_qsv","videos/dist/h264_qsv_look_ahead_depth/efae2f030a47",108452.884765625,7228.9873046875,"-global_quality 25 -look_ahead 1 -bf 16 -refs 9 -look_ahead_depth 60",12.756685256958008,"00:00:12",0.5770932244789232,9.408400190365775,0.977746,0.994418,73.415584,95.700976
13,"h264_qsv","h264_qsv_LA-ICQ","veryslow",4,"-hwaccel qsv -c:v mpeg2_qsv","videos/dist/h264_qsv_look_ahead_depth/51dc6d96e818",108452.884765625,7228.9873046875,"-global_quality 25 -look_ahead 1 -bf 16 -refs 9 -look_ahead_depth 70",12.75072717666626,"00:00:12",0.5770932244789232,9.41279648894345,0.977746,0.994418,73.415584,95.700976
14,"h264_qsv","h264_qsv_LA-ICQ","veryslow",4,"-hwaccel qsv -c:v mpeg2_qsv","videos/dist/h264_qsv_look_ahead_depth/6061ed2f9b19",108452.884765625,7228.9873046875,"-global_quality 25 -look_ahead 1 -bf 16 -refs 9 -look_ahead_depth 80",12.761258840560913,"00:00:12",0.5770932244789232,9.405028257754905,0.977746,0.994418,73.415584,95.700976
15,"h264_qsv","h264_qsv_LA-ICQ","veryslow",4,"-hwaccel qsv -c:v mpeg2_qsv","videos/dist/h264_qsv_look_ahead_depth/63b7898e91e1",108452.884765625,7228.9873046875,"-global_quality 25 -look_ahead 1 -bf 16 -refs 9 -look_ahead_depth 90",12.757680654525757,"00:00:12",0.5770932244789232,9.407666115033471,0.977746,0.994418,73.415584,95.700976
16,"h264_qsv","h264_qsv_LA-ICQ","veryslow",4,"-hwaccel qsv -c:v mpeg2_qsv","videos/dist/h264_qsv_look_ahead_depth/c29860c0e530",108452.884765625,7228.9873046875,"-global_quality 25 -look_ahead 1 -bf 16 -refs 9 -look_ahead_depth 100",12.756134271621704,"00:00:12",0.5770932244789232,9.408806574496937,0.977746,0.994418,73.415584,95.700976
17,"h264_qsv","h264_qsv_LA-ICQ","veryslow",4,"-hwaccel qsv -c:v mpeg2_qsv","videos/dist/h264_qsv_look_ahead_depth/dcd8ac59e836",108452.884765625,7228.9873046875,"-global_quality 25 -look_ahead 1 -bf 16 -refs 9 -look_ahead_depth 0 -look_ahead_downsampling off",12.770466327667236,"00:00:12",0.5770932244789232,9.398247246459315,0.977746,0.994418,73.415584,95.700976
18,"h264_qsv","h264_qsv_LA-ICQ","veryslow",4,"-hwaccel qsv -c:v mpeg2_qsv","videos/dist/h264_qsv_look_ahead_depth/984bc76902a0",108452.884765625,7228.9873046875,"-global_quality 25 -look_ahead 1 -bf 16 -refs 9 -look_ahead_depth 5 -look_ahead_downsampling off",12.757039785385132,"00:00:12",0.5770932244789232,9.408138723334446,0.977746,0.994418,73.415584,95.700976
19,"h264_qsv","h264_qsv_LA-ICQ","veryslow",4,"-hwaccel qsv -c:v mpeg2_qsv","videos/dist/h264_qsv_look_ahead_depth/2489de035f28",108452.884765625,7228.9873046875,"-global_quality 25 -look_ahead 1 -bf 16 -refs 9 -look_ahead_depth 10 -look_ahead_downsampling off",12.764317750930786,"00:00:12",0.5770932244789232,9.402774385747959,0.977746,0.994418,73.415584,95.700976
20,"h264_qsv","h264_qsv_LA-ICQ","veryslow",4,"-hwaccel qsv -c:v mpeg2_qsv","videos/dist/h264_qsv_look_ahead_depth/393083f11da3",108452.884765625,7228.9873046875,"-global_quality 25 -look_ahead 1 -bf 16 -refs 9 -look_ahead_depth 15 -look_ahead_downsampling off",12.768587589263916,"00:00:12",0.5770932244789232,9.399630081318877,0.977746,0.994418,73.415584,95.700976
21,"h264_qsv","h264_qsv_LA-ICQ","veryslow",4,"-hwaccel qsv -c:v mpeg2_qsv","videos/dist/h264_qsv_look_ahead_depth/7338c5552dfa",108452.884765625,7228.9873046875,"-global_quality 25 -look_ahead 1 -bf 16 -refs 9 -look_ahead_depth 20 -look_ahead_downsampling off",12.812878847122192,"00:00:12",0.5770932244789232,9.367137661412979,0.977746,0.994418,73.415584,95.700976
22,"h264_qsv","h264_qsv_LA-ICQ","veryslow",4,"-hwaccel qsv -c:v mpeg2_qsv","videos/dist/h264_qsv_look_ahead_depth/bcc766db1670",108452.884765625,7228.9873046875,"-global_quality 25 -look_ahead 1 -bf 16 -refs 9 -look_ahead_depth 25 -look_ahead_downsampling off",12.759566307067871,"00:00:12",0.5770932244789232,9.406275817816601,0.977746,0.994418,73.415584,95.700976
23,"h264_qsv","h264_qsv_LA-ICQ","veryslow",4,"-hwaccel qsv -c:v mpeg2_qsv","videos/dist/h264_qsv_look_ahead_depth/a9849770eeab",108452.884765625,7228.9873046875,"-global_quality 25 -look_ahead 1 -bf 16 -refs 9 -look_ahead_depth 30 -look_ahead_downsampling off",12.758760690689087,"00:00:12",0.5770932244789232,9.406869750883136,0.977746,0.994418,73.415584,95.700976
24,"h264_qsv","h264_qsv_LA-ICQ","veryslow",4,"-hwaccel qsv -c:v mpeg2_qsv","videos/dist/h264_qsv_look_ahead_depth/60f356a27e09",108452.884765625,7228.9873046875,"-global_quality 25 -look_ahead 1 -bf 16 -refs 9 -look_ahead_depth 35 -look_ahead_downsampling off",12.75514817237854,"00:00:12",0.5770932244789232,9.40953396840227,0.977746,0.994418,73.415584,95.700976
25,"h264_qsv","h264_qsv_LA-ICQ","veryslow",4,"-hwaccel qsv -c:v mpeg2_qsv","videos/dist/h264_qsv_look_ahead_depth/a6999a5d1f12",108452.884765625,7228.9873046875,"-global_quality 25 -look_ahead 1 -bf 16 -refs 9 -look_ahead_depth 40 -look_ahead_downsampling off",12.76164698600769,"00:00:12",0.5770932244789232,9.40474220385457,0.977746,0.994418,73.415584,95.700976
26,"h264_qsv","h264_qsv_LA-ICQ","veryslow",4,"-hwaccel qsv -c:v mpeg2_qsv","videos/dist/h264_qsv_look_ahead_depth/2d0e6ca0fc4c",108452.884765625,7228.9873046875,"-global_quality 25 -look_ahead 1 -bf 16 -refs 9 -look_ahead_depth 45 -look_ahead_downsampling off",12.761667490005493,"00:00:12",0.5770932244789232,9.404727093383023,0.977746,0.994418,73.415584,95.700976
27,"h264_qsv","h264_qsv_LA-ICQ","veryslow",4,"-hwaccel qsv -c:v mpeg2_qsv","videos/dist/h264_qsv_look_ahead_depth/208888e9761b",108452.884765625,7228.9873046875,"-global_quality 25 -look_ahead 1 -bf 16 -refs 9 -look_ahead_depth 50 -look_ahead_downsampling off",12.75792646408081,"00:00:12",0.5770932244789232,9.407484855623618,0.977746,0.994418,73.415584,95.700976
28,"h264_qsv","h264_qsv_LA-ICQ","veryslow",4,"-hwaccel qsv -c:v mpeg2_qsv","videos/dist/h264_qsv_look_ahead_depth/3155380baeae",108452.884765625,7228.9873046875,"-global_quality 25 -look_ahead 1 -bf 16 -refs 9 -look_ahead_depth 60 -look_ahead_downsampling off",12.75322437286377,"00:00:12",0.5770932244789232,9.410953378612062,0.977746,0.994418,73.415584,95.700976
29,"h264_qsv","h264_qsv_LA-ICQ","veryslow",4,"-hwaccel qsv -c:v mpeg2_qsv","videos/dist/h264_qsv_look_ahead_depth/82664b4be8bc",108452.884765625,7228.9873046875,"-global_quality 25 -look_ahead 1 -bf 16 -refs 9 -look_ahead_depth 70 -look_ahead_downsampling off",12.759819984436035,"00:00:12",0.5770932244789232,9.40608881209892,0.977746,0.994418,73.415584,95.700976
30,"h264_qsv","h264_qsv_LA-ICQ","veryslow",4,"-hwaccel qsv -c:v mpeg2_qsv","videos/dist/h264_qsv_look_ahead_depth/16071d0cf984",108452.884765625,7228.9873046875,"-global_quality 25 -look_ahead 1 -bf 16 -refs 9 -look_ahead_depth 80 -look_ahead_downsampling off",12.759942531585693,"00:00:12",0.5770932244789232,9.405998475534275,0.977746,0.994418,73.415584,95.700976
31,"h264_qsv","h264_qsv_LA-ICQ","veryslow",4,"-hwaccel qsv -c:v mpeg2_qsv","videos/dist/h264_qsv_look_ahead_depth/00b525dc4aff",108452.884765625,7228.9873046875,"-global_quality 25 -look_ahead 1 -bf 16 -refs 9 -look_ahead_depth 90 -look_ahead_downsampling off",12.763769626617432,"00:00:12",0.5770932244789232,9.403178176274158,0.977746,0.994418,73.415584,95.700976
32,"h264_qsv","h264_qsv_LA-ICQ","veryslow",4,"-hwaccel qsv -c:v mpeg2_qsv","videos/dist/h264_qsv_look_ahead_depth/fffe20d5eee4",108452.884765625,7228.9873046875,"-global_quality 25 -look_ahead 1 -bf 16 -refs 9 -look_ahead_depth 100 -look_ahead_downsampling off",12.761673927307129,"00:00:12",0.5770932244789232,9.404722349407786,0.977746,0.994418,73.415584,95.700976
33,"h264_qsv","h264_qsv_LA-ICQ","veryslow",4,"-hwaccel qsv -c:v mpeg2_qsv","videos/dist/h264_qsv_look_ahead_depth/3ef05ca9959a",108452.884765625,7228.9873046875,"-global_quality 25 -look_ahead 1 -bf 16 -refs 9 -look_ahead_depth 0 -look_ahead_downsampling 2x",12.758002758026123,"00:00:12",0.5770932244789232,9.407428598061308,0.977746,0.994418,73.415584,95.700976
34,"h264_qsv","h264_qsv_LA-ICQ","veryslow",4,"-hwaccel qsv -c:v mpeg2_qsv","videos/dist/h264_qsv_look_ahead_depth/cc794869e6ae",108452.884765625,7228.9873046875,"-global_quality 25 -look_ahead 1 -bf 16 -refs 9 -look_ahead_depth 5 -look_ahead_downsampling 2x",12.75591230392456,"00:00:12",0.5770932244789232,9.408970298664872,0.977746,0.994418,73.415584,95.700976
35,"h264_qsv","h264_qsv_LA-ICQ","veryslow",4,"-hwaccel qsv -c:v mpeg2_qsv","videos/dist/h264_qsv_look_ahead_depth/1eb1282da532",108452.884765625,7228.9873046875,"-global_quality 25 -look_ahead 1 -bf 16 -refs 9 -look_ahead_depth 10 -look_ahead_downsampling 2x",12.76017427444458,"00:00:12",0.5770932244789232,9.405827649264154,0.977746,0.994418,73.415584,95.700976
36,"h264_qsv","h264_qsv_LA-ICQ","veryslow",4,"-hwaccel qsv -c:v mpeg2_qsv","videos/dist/h264_qsv_look_ahead_depth/ddfdfc9802c0",108452.884765625,7228.9873046875,"-global_quality 25 -look_ahead 1 -bf 16 -refs 9 -look_ahead_depth 15 -look_ahead_downsampling 2x",12.763665676116943,"00:00:12",0.5770932244789232,9.403254758120033,0.977746,0.994418,73.415584,95.700976
37,"h264_qsv","h264_qsv_LA-ICQ","veryslow",4,"-hwaccel qsv -c:v mpeg2_qsv","videos/dist/h264_qsv_look_ahead_depth/27ef1f500c55",108452.884765625,7228.9873046875,"-global_quality 25 -look_ahead 1 -bf 16 -refs 9 -look_ahead_depth 20 -look_ahead_downsampling 2x",12.762991428375244,"00:00:12",0.5770932244789232,9.403751516526624,0.977746,0.994418,73.415584,95.700976
38,"h264_qsv","h264_qsv_LA-ICQ","veryslow",4,"-hwaccel qsv -c:v mpeg2_qsv","videos/dist/h264_qsv_look_ahead_depth/ba86869aa559",108452.884765625,7228.9873046875,"-global_quality 25 -look_ahead 1 -bf 16 -refs 9 -look_ahead_depth 25 -look_ahead_downsampling 2x",12.761796951293945,"00:00:12",0.5770932244789232,9.404631687689633,0.977746,0.994418,73.415584,95.700976
39,"h264_qsv","h264_qsv_LA-ICQ","veryslow",4,"-hwaccel qsv -c:v mpeg2_qsv","videos/dist/h264_qsv_look_ahead_depth/06d8ab3148b4",108452.884765625,7228.9873046875,"-global_quality 25 -look_ahead 1 -bf 16 -refs 9 -look_ahead_depth 30 -look_ahead_downsampling 2x",12.769227504730225,"00:00:12",0.5770932244789232,9.399159029435403,0.977746,0.994418,73.415584,95.700976
40,"h264_qsv","h264_qsv_LA-ICQ","veryslow",4,"-hwaccel qsv -c:v mpeg2_qsv","videos/dist/h264_qsv_look_ahead_depth/0937630a4efa",108452.884765625,7228.9873046875,"-global_quality 25 -look_ahead 1 -bf 16 -refs 9 -look_ahead_depth 35 -look_ahead_downsampling 2x",12.837828636169434,"00:00:12",0.5770932244789232,9.34893301674509,0.977746,0.994418,73.415584,95.700976
41,"h264_qsv","h264_qsv_LA-ICQ","veryslow",4,"-hwaccel qsv -c:v mpeg2_qsv","videos/dist/h264_qsv_look_ahead_depth/a4ea431123c8",108452.884765625,7228.9873046875,"-global_quality 25 -look_ahead 1 -bf 16 -refs 9 -look_ahead_depth 40 -look_ahead_downsampling 2x",12.76527452468872,"00:00:12",0.5770932244789232,9.402069635703873,0.977746,0.994418,73.415584,95.700976
42,"h264_qsv","h264_qsv_LA-ICQ","veryslow",4,"-hwaccel qsv -c:v mpeg2_qsv","videos/dist/h264_qsv_look_ahead_depth/18b310f28fd3",108452.884765625,7228.9873046875,"-global_quality 25 -look_ahead 1 -bf 16 -refs 9 -look_ahead_depth 45 -look_ahead_downsampling 2x",12.85757064819336,"00:00:12",0.5770932244789232,9.33457830285103,0.977746,0.994418,73.415584,95.700976
43,"h264_qsv","h264_qsv_LA-ICQ","veryslow",4,"-hwaccel qsv -c:v mpeg2_qsv","videos/dist/h264_qsv_look_ahead_depth/d1bebb2d3a10",108452.884765625,7228.9873046875,"-global_quality 25 -look_ahead 1 -bf 16 -refs 9 -look_ahead_depth 50 -look_ahead_downsampling 2x",12.762725591659546,"00:00:12",0.5770932244789232,9.403947388670112,0.977746,0.994418,73.415584,95.700976
44,"h264_qsv","h264_qsv_LA-ICQ","veryslow",4,"-hwaccel qsv -c:v mpeg2_qsv","videos/dist/h264_qsv_look_ahead_depth/a9c8cf1d4327",108452.884765625,7228.9873046875,"-global_quality 25 -look_ahead 1 -bf 16 -refs 9 -look_ahead_depth 60 -look_ahead_downsampling 2x",12.760892629623413,"00:00:12",0.5770932244789232,9.405298162401506,0.977746,0.994418,73.415584,95.700976
45,"h264_qsv","h264_qsv_LA-ICQ","veryslow",4,"-hwaccel qsv -c:v mpeg2_qsv","videos/dist/h264_qsv_look_ahead_depth/4b61127b746f",108452.884765625,7228.9873046875,"-global_quality 25 -look_ahead 1 -bf 16 -refs 9 -look_ahead_depth 70 -look_ahead_downsampling 2x",12.759047985076904,"00:00:12",0.5770932244789232,9.406657937204756,0.977746,0.994418,73.415584,95.700976
46,"h264_qsv","h264_qsv_LA-ICQ","veryslow",4,"-hwaccel qsv -c:v mpeg2_qsv","videos/dist/h264_qsv_look_ahead_depth/4fcb8d7a5dca",108452.884765625,7228.9873046875,"-global_quality 25 -look_ahead 1 -bf 16 -refs 9 -look_ahead_depth 80 -look_ahead_downsampling 2x",12.759676456451416,"00:00:12",0.5770932244789232,9.40619461705212,0.977746,0.994418,73.415584,95.700976
47,"h264_qsv","h264_qsv_LA-ICQ","veryslow",4,"-hwaccel qsv -c:v mpeg2_qsv","videos/dist/h264_qsv_look_ahead_depth/9298b1b7661c",108452.884765625,7228.9873046875,"-global_quality 25 -look_ahead 1 -bf 16 -refs 9 -look_ahead_depth 90 -look_ahead_downsampling 2x",12.76228642463684,"00:00:12",0.5770932244789232,9.404270990839734,0.977746,0.994418,73.415584,95.700976
48,"h264_qsv","h264_qsv_LA-ICQ","veryslow",4,"-hwaccel qsv -c:v mpeg2_qsv","videos/dist/h264_qsv_look_ahead_depth/34f8c60ff4d3",108452.884765625,7228.9873046875,"-global_quality 25 -look_ahead 1 -bf 16 -refs 9 -look_ahead_depth 100 -look_ahead_downsampling 2x",12.759631395339966,"00:00:12",0.5770932244789232,9.40622783537723,0.977746,0.994418,73.415584,95.700976
49,"h264_qsv","h264_qsv_LA-ICQ","veryslow",4,"-hwaccel qsv -c:v mpeg2_qsv","videos/dist/h264_qsv_look_ahead_depth/9fdfde709dc9",108452.884765625,7228.9873046875,"-global_quality 25 -look_ahead 1 -bf 16 -refs 9 -look_ahead_depth 0 -look_ahead_downsampling 4x",12.760066509246826,"00:00:12",0.5770932244789232,9.405907086222882,0.977746,0.994418,73.415584,95.700976
50,"h264_qsv","h264_qsv_LA-ICQ","veryslow",4,"-hwaccel qsv -c:v mpeg2_qsv","videos/dist/h264_qsv_look_ahead_depth/79bf779ad1be",108452.884765625,7228.9873046875,"-global_quality 25 -look_ahead 1 -bf 16 -refs 9 -look_ahead_depth 5 -look_ahead_downsampling 4x",12.758789539337158,"00:00:12",0.5770932244789232,9.406848481194968,0.977746,0.994418,73.415584,95.700976
51,"h264_qsv","h264_qsv_LA-ICQ","veryslow",4,"-hwaccel qsv -c:v mpeg2_qsv","videos/dist/h264_qsv_look_ahead_depth/d1b2c06d7bb0",108452.884765625,7228.9873046875,"-global_quality 25 -look_ahead 1 -bf 16 -refs 9 -look_ahead_depth 10 -look_ahead_downsampling 4x",12.757432222366333,"00:00:12",0.5770932244789232,9.407849315443032,0.977746,0.994418,73.415584,95.700976
52,"h264_qsv","h264_qsv_LA-ICQ","veryslow",4,"-hwaccel qsv -c:v mpeg2_qsv","videos/dist/h264_qsv_look_ahead_depth/32411cecdf4f",108452.884765625,7228.9873046875,"-global_quality 25 -look_ahead 1 -bf 16 -refs 9 -look_ahead_depth 15 -look_ahead_downsampling 4x",12.772871494293213,"00:00:12",0.5770932244789232,9.396477530806107,0.977746,0.994418,73.415584,95.700976
53,"h264_qsv","h264_qsv_LA-ICQ","veryslow",4,"-hwaccel qsv -c:v mpeg2_qsv","videos/dist/h264_qsv_look_ahead_depth/7a6f9ba6ca57",108452.884765625,7228.9873046875,"-global_quality 25 -look_ahead 1 -bf 16 -refs 9 -look_ahead_depth 20 -look_ahead_downsampling 4x",12.758899450302124,"00:00:12",0.5770932244789232,9.406767446322181,0.977746,0.994418,73.415584,95.700976
54,"h264_qsv","h264_qsv_LA-ICQ","veryslow",4,"-hwaccel qsv -c:v mpeg2_qsv","videos/dist/h264_qsv_look_ahead_depth/bcb6df7d50be",108452.884765625,7228.9873046875,"-global_quality 25 -look_ahead 1 -bf 16 -refs 9 -look_ahead_depth 25 -look_ahead_downsampling 4x",12.760274648666382,"00:00:12",0.5770932244789232,9.405753661622297,0.977746,0.994418,73.415584,95.700976
55,"h264_qsv","h264_qsv_LA-ICQ","veryslow",4,"-hwaccel qsv -c:v mpeg2_qsv","videos/dist/h264_qsv_look_ahead_depth/46fdb875bcf8",108452.884765625,7228.9873046875,"-global_quality 25 -look_ahead 1 -bf 16 -refs 9 -look_ahead_depth 30 -look_ahead_downsampling 4x",12.759201288223267,"00:00:12",0.5770932244789232,9.406544915219605,0.977746,0.994418,73.415584,95.700976
56,"h264_qsv","h264_qsv_LA-ICQ","veryslow",4,"-hwaccel qsv -c:v mpeg2_qsv","videos/dist/h264_qsv_look_ahead_depth/68dbe2192169",108452.884765625,7228.9873046875,"-global_quality 25 -look_ahead 1 -bf 16 -refs 9 -look_ahead_depth 35 -look_ahead_downsampling 4x",12.771439552307129,"00:00:12",0.5770932244789232,9.397531069887785,0.977746,0.994418,73.415584,95.700976
57,"h264_qsv","h264_qsv_LA-ICQ","veryslow",4,"-hwaccel qsv -c:v mpeg2_qsv","videos/dist/h264_qsv_look_ahead_depth/4ae1c4545bb4",108452.884765625,7228.9873046875,"-global_quality 25 -look_ahead 1 -bf 16 -refs 9 -look_ahead_depth 40 -look_ahead_downsampling 4x",12.76250410079956,"00:00:12",0.5770932244789232,9.404110592409591,0.977746,0.994418,73.415584,95.700976
58,"h264_qsv","h264_qsv_LA-ICQ","veryslow",4,"-hwaccel qsv -c:v mpeg2_qsv","videos/dist/h264_qsv_look_ahead_depth/ea5584fd9ad9",108452.884765625,7228.9873046875,"-global_quality 25 -look_ahead 1 -bf 16 -refs 9 -look_ahead_depth 45 -look_ahead_downsampling 4x",12.766604900360107,"00:00:12",0.5770932244789232,9.401089869759703,0.977746,0.994418,73.415584,95.700976
59,"h264_qsv","h264_qsv_LA-ICQ","veryslow",4,"-hwaccel qsv -c:v mpeg2_qsv","videos/dist/h264_qsv_look_ahead_depth/80753744c13f",108452.884765625,7228.9873046875,"-global_quality 25 -look_ahead 1 -bf 16 -refs 9 -look_ahead_depth 50 -look_ahead_downsampling 4x",12.760298490524292,"00:00:12",0.5770932244789232,9.405736087531652,0.977746,0.994418,73.415584,95.700976
60,"h264_qsv","h264_qsv_LA-ICQ","veryslow",4,"-hwaccel qsv -c:v mpeg2_qsv","videos/dist/h264_qsv_look_ahead_depth/cd7797bb62b7",108452.884765625,7228.9873046875,"-global_quality 25 -look_ahead 1 -bf 16 -refs 9 -look_ahead_depth 60 -look_ahead_downsampling 4x",12.771687984466553,"00:00:12",0.5770932244789232,9.397348271111321,0.977746,0.994418,73.415584,95.700976
61,"h264_qsv","h264_qsv_LA-ICQ","veryslow",4,"-hwaccel qsv -c:v mpeg2_qsv","videos/dist/h264_qsv_look_ahead_depth/bfa66af0fc6f",108452.884765625,7228.9873046875,"-global_quality 25 -look_ahead 1 -bf 16 -refs 9 -look_ahead_depth 70 -look_ahead_downsampling 4x",12.759886980056763,"00:00:12",0.5770932244789232,9.406039425551878,0.977746,0.994418,73.415584,95.700976
62,"h264_qsv","h264_qsv_LA-ICQ","veryslow",4,"-hwaccel qsv -c:v mpeg2_qsv","videos/dist/h264_qsv_look_ahead_depth/3f2fcdd73578",108452.884765625,7228.9873046875,"-global_quality 25 -look_ahead 1 -bf 16 -refs 9 -look_ahead_depth 80 -look_ahead_downsampling 4x",12.763381719589233,"00:00:12",0.5770932244789232,9.403463959382595,0.977746,0.994418,73.415584,95.700976
63,"h264_qsv","h264_qsv_LA-ICQ","veryslow",4,"-hwaccel qsv -c:v mpeg2_qsv","videos/dist/h264_qsv_look_ahead_depth/14cd733b0769",108452.884765625,7228.9873046875,"-global_quality 25 -look_ahead 1 -bf 16 -refs 9 -look_ahead_depth 90 -look_ahead_downsampling 4x",12.766969203948975,"00:00:12",0.5770932244789232,9.400821611042689,0.977746,0.994418,73.415584,95.700976
64,"h264_qsv","h264_qsv_LA-ICQ","veryslow",4,"-hwaccel qsv -c:v mpeg2_qsv","videos/dist/h264_qsv_look_ahead_depth/58444745249b",108452.884765625,7228.9873046875,"-global_quality 25 -look_ahead 1 -bf 16 -refs 9 -look_ahead_depth 100 -look_ahead_downsampling 4x",12.762985706329346,"00:00:12",0.5770932244789232,9.40375573252271,0.977746,0.994418,73.415584,95.700976
