"index","codec","type","preset","threads","infile_options","outfile_filename","outfile_size_kbyte","outfile_bit_rate_kbs","outfile_options","elapsed_encode_second","elapsed_encode_time","compression_ratio_persent","compression_speed","ssim_min","ssim_harmonic_mean","vmaf_min","vmaf_harmonic_mean"
0,"h264_qsv","h264_qsv_LA-ICQ","veryslow",4,"-hwaccel qsv -c:v mpeg2_qsv","videos/dist/h264_qsv_min_qp/ca722ea475c3",108452.884765625,7228.9873046875,"-global_quality 25 -look_ahead 1 -bf 16 -refs 9",12.773561716079712,"00:00:12",0.5770932244789232,9.395969790392567,0.977746,0.994418,73.415584,95.700976
1,"h264_qsv","h264_qsv_LA-ICQ","veryslow",4,"-hwaccel qsv -c:v mpeg2_qsv","videos/dist/h264_qsv_min_qp/7f8c45f05ccd",108452.884765625,7228.9873046875,"-global_quality 25 -look_ahead 1 -bf 16 -refs 9 -min_qp_i 23 -min_qp_p 23 -min_qp_b 23",12.758584022521973,"00:00:12",0.5770932244789232,9.407000007848504,0.977746,0.994418,73.415584,95.700976
2,"h264_qsv","h264_qsv_LA-ICQ","veryslow",4,"-hwaccel qsv -c:v mpeg2_qsv","videos/dist/h264_qsv_min_qp/5edfead98e54",108452.884765625,7228.9873046875,"-global_quality 25 -look_ahead 1 -bf 16 -refs 9 -min_qp_i 23 -min_qp_p 23 -min_qp_b 24",12.754419088363647,"00:00:12",0.5770932244789232,9.410071847921236,0.977746,0.994418,73.415584,95.700976
3,"h264_qsv","h264_qsv_LA-ICQ","veryslow",4,"-hwaccel qsv -c:v mpeg2_qsv","videos/dist/h264_qsv_min_qp/ee1bcd750dee",108452.884765625,7228.9873046875,"-global_quality 25 -look_ahead 1 -bf 16 -refs 9 -min_qp_i 23 -min_qp_p 23 -min_qp_b 25",12.758545160293579,"00:00:12",0.5770932244789232,9.407028661349214,0.977746,0.994418,73.415584,95.700976
4,"h264_qsv","h264_qsv_LA-ICQ","veryslow",4,"-hwaccel qsv -c:v mpeg2_qsv","videos/dist/h264_qsv_min_qp/5bf211e0df00",108452.884765625,7228.9873046875,"-global_quality 25 -look_ahead 1 -bf 16 -refs 9 -min_qp_i 23 -min_qp_p 23 -min_qp_b 26",12.76550030708313,"00:00:12",0.5770932244789232,9.401903342041761,0.977746,0.994418,73.415584,95.700976
5,"h264_qsv","h264_qsv_LA-ICQ","veryslow",4,"-hwaccel qsv -c:v mpeg2_qsv","videos/dist/h264_qsv_min_qp/96923e210b26",108452.884765625,7228.9873046875,"-global_quality 25 -look_ahead 1 -bf 16 -refs 9 -min_qp_i 23 -min_qp_p 23 -min_qp_b 27",12.75999116897583,"00:00:12",0.5770932244789232,9.405962622592732,0.977746,0.994418,73.415584,95.700976
6,"h264_qsv","h264_qsv_LA-ICQ","veryslow",4,"-hwaccel qsv -c:v mpeg2_qsv","videos/dist/h264_qsv_min_qp/a1eda683db65",108452.884765625,7228.9873046875,"-global_quality 25 -look_ahead 1 -bf 16 -refs 9 -min_qp_i 23 -min_qp_p 23 -min_qp_b 28",12.753939151763916,"00:00:12",0.5770932244789232,9.410425953255453,0.977746,0.994418,73.415584,95.700976
7,"h264_qsv","h264_qsv_LA-ICQ","veryslow",4,"-hwaccel qsv -c:v mpeg2_qsv","videos/dist/h264_qsv_min_qp/e6984e11eea5",108452.884765625,7228.9873046875,"-global_quality 25 -look_ahead 1 -bf 16 -refs 9 -min_qp_i 23 -min_qp_p 23 -min_qp_b 29",12.76341700553894,"00:00:12",0.5770932244789232,9.403437962413586,0.977746,0.994418,73.415584,95.700976
8,"h264_qsv","h264_qsv_LA-ICQ","veryslow",4,"-hwaccel qsv -c:v mpeg2_qsv","videos/dist/h264_qsv_min_qp/725a5736ac2d",108452.884765625,7228.9873046875,"-global_quality 25 -look_ahead 1 -bf 16 -refs 9 -min_qp_i 23 -min_qp_p 23 -min_qp_b 30",12.75888442993164,"00:00:12",0.5770932244789232,9.406778520419833,0.977746,0.994418,73.415584,95.700976
9,"h264_qsv","h264_qsv_LA-ICQ","veryslow",4,"-hwaccel qsv -c:v mpeg2_qsv","videos/dist/h264_qsv_min_qp/38acb5b6806d",108452.884765625,7228.9873046875,"-global_quality 25 -look_ahead 1 -bf 16 -refs 9 -min_qp_i 23 -min_qp_p 23 -min_qp_b 31",12.760899305343628,"00:00:12",0.5770932244789232,9.405293242126094,0.977746,0.994418,73.415584,95.700976
10,"h264_qsv","h264_qsv_LA-ICQ","veryslow",4,"-hwaccel qsv -c:v mpeg2_qsv","videos/dist/h264_qsv_min_qp/a79c6785f8a8",108452.884765625,7228.9873046875,"-global_quality 25 -look_ahead 1 -bf 16 -refs 9 -min_qp_i 23 -min_qp_p 23 -min_qp_b 32",12.758392572402954,"00:00:12",0.5770932244789232,9.4071411675801,0.977746,0.994418,73.415584,95.700976
11,"h264_qsv","h264_qsv_LA-ICQ","veryslow",4,"-hwaccel qsv -c:v mpeg2_qsv","videos/dist/h264_qsv_min_qp/b95fdd6f36fc",108452.884765625,7228.9873046875,"-global_quality 25 -look_ahead 1 -bf 16 -refs 9 -min_qp_i 23 -min_qp_p 23 -min_qp_b 33",12.757558822631836,"00:00:12",0.5770932244789232,9.40775595618538,0.977746,0.994418,73.415584,95.700976
12,"h264_qsv","h264_qsv_LA-ICQ","veryslow",4,"-hwaccel qsv -c:v mpeg2_qsv","videos/dist/h264_qsv_min_qp/02a022af4515",108452.884765625,7228.9873046875,"-global_quality 25 -look_ahead 1 -bf 16 -refs 9 -min_qp_i 23 -min_qp_p 24 -min_qp_b 23",12.761263847351074,"00:00:12",0.5770932244789232,9.405024567759659,0.977746,0.994418,73.415584,95.700976
13,"h264_qsv","h264_qsv_LA-ICQ","veryslow",4,"-hwaccel qsv -c:v mpeg2_qsv","videos/dist/h264_qsv_min_qp/64abd3002622",108452.884765625,7228.9873046875,"-global_quality 25 -look_ahead 1 -bf 16 -refs 9 -min_qp_i 23 -min_qp_p 24 -min_qp_b 24",12.823129653930664,"00:00:12",0.5770932244789232,9.359649573784848,0.977746,0.994418,73.415584,95.700976
14,"h264_qsv","h264_qsv_LA-ICQ","veryslow",4,"-hwaccel qsv -c:v mpeg2_qsv","videos/dist/h264_qsv_min_qp/287d2bbd9bfc",108452.884765625,7228.9873046875,"-global_quality 25 -look_ahead 1 -bf 16 -refs 9 -min_qp_i 23 -min_qp_p 24 -min_qp_b 25",12.765750885009766,"00:00:12",0.5770932244789232,9.401718792815702,0.977746,0.994418,73.415584,95.700976
15,"h264_qsv","h264_qsv_LA-ICQ","veryslow",4,"-hwaccel qsv -c:v mpeg2_qsv","videos/dist/h264_qsv_min_qp/b8c083b62540",108452.884765625,7228.9873046875,"-global_quality 25 -look_ahead 1 -bf 16 -refs 9 -min_qp_i 23 -min_qp_p 24 -min_qp_b 26",12.763416528701782,"00:00:12",0.5770932244789232,9.403438313723019,0.977746,0.994418,73.415584,95.700976
16,"h264_qsv","h264_qsv_LA-ICQ","veryslow",4,"-hwaccel qsv -c:v mpeg2_qsv","videos/dist/h264_qsv_min_qp/9783462868c8",108452.884765625,7228.9873046875,"-global_quality 25 -look_ahead 1 -bf 16 -refs 9 -min_qp_i 23 -min_qp_p 24 -min_qp_b 27",12.761556625366211,"00:00:12",0.5770932244789232,9.404808795929771,0.977746,0.994418,73.415584,95.700976
17,"h264_qsv","h264_qsv_LA-ICQ","veryslow",4,"-hwaccel qsv -c:v mpeg2_qsv","videos/dist/h264_qsv_min_qp/392ccf889ec0",108452.884765625,7228.9873046875,"-global_quality 25 -look_ahead 1 -bf 16 -refs 9 -min_qp_i 23 -min_qp_p 24 -min_qp_b 28",12.766191720962524,"00:00:12",0.5770932244789232,9.401394137213453,0.977746,0.994418,73.415584,95.700976
18,"h264_qsv","h264_qsv_LA-ICQ","veryslow",4,"-hwaccel qsv -c:v mpeg2_qsv","videos/dist/h264_qsv_min_qp/a162d61e067a",108452.884765625,7228.9873046875,"-global_quality 25 -look_ahead 1 -bf 16 -refs 9 -min_qp_i 23 -min_qp_p 24 -min_qp_b 29",12.76730465888977,"00:00:12",0.5770932244789232,9.400574608864765,0.977746,0.994418,73.415584,95.700976
19,"h264_qsv","h264_qsv_LA-ICQ","veryslow",4,"-hwaccel qsv -c:v mpeg2_qsv","videos/dist/h264_qsv_min_qp/386415fb274f",108452.884765625,7228.9873046875,"-global_quality 25 -look_ahead 1 -bf 16 -refs 9 -min_qp_i 23 -min_qp_p 24 -min_qp_b 30",12.762795209884644,"00:00:12",0.5770932244789232,9.403896092216996,0.977746,0.994418,73.415584,95.700976
20,"h264_qsv","h264_qsv_LA-ICQ","veryslow",4,"-hwaccel qsv -c:v mpeg2_qsv","videos/dist/h264_qsv_min_qp/dcbffca18a67",108452.884765625,7228.9873046875,"-global_quality 25 -look_ahead 1 -bf 16 -refs 9 -min_qp_i 23 -min_qp_p 24 -min_qp_b 31",12.761018753051758,"00:00:12",0.5770932244789232,9.405205205211189,0.977746,0.994418,73.415584,95.700976
21,"h264_qsv","h264_qsv_LA-ICQ","veryslow",4,"-hwaccel qsv -c:v mpeg2_qsv","videos/dist/h264_qsv_min_qp/d511e90300a3",108452.884765625,7228.9873046875,"-global_quality 25 -look_ahead 1 -bf 16 -refs 9 -min_qp_i 23 -min_qp_p 24 -min_qp_b 32",12.75619626045227,"00:00:12",0.5770932244789232,9.408760852331437,0.977746,0.994418,73.415584,95.700976
22,"h264_qsv","h264_qsv_LA-ICQ","veryslow",4,"-hwaccel qsv -c:v mpeg2_qsv","videos/dist/h264_qsv_min_qp/a7a697eacb45",108452.884765625,7228.9873046875,"-global_quality 25 -look_ahead 1 -bf 16 -refs 9 -min_qp_i 23 -min_qp_p 24 -min_qp_b 33",12.764251470565796,"00:00:12",0.5770932244789232,9.40282321111932,0.977746,0.994418,73.415584,95.700976
23,"h264_qsv","h264_qsv_LA-ICQ","veryslow",4,"-hwaccel qsv -c:v mpeg2_qsv","videos/dist/h264_qsv_min_qp/195b942c741d",108452.884765625,7228.9873046875,"-global_quality 25 -look_ahead 1 -bf 16 -refs 9 -min_qp_i 23 -min_qp_p 25 -min_qp_b 23",12.762287855148315,"00:00:12",0.5770932244789232,9.404269936724852,0.977746,0.994418,73.415584,95.700976
24,"h264_qsv","h264_qsv_LA-ICQ","veryslow",4,"-hwaccel qsv -c:v mpeg2_qsv","videos/dist/h264_qsv_min_qp/d96c3bcce2ac",108452.884765625,7228.9873046875,"-global_quality 25 -look_ahead 1 -bf 16 -refs 9 -min_qp_i 23 -min_qp_p 25 -min_qp_b 24",12.758626222610474,"00:00:12",0.5770932244789232,9.40696889350861,0.977746,0.994418,73.415584,95.700976
25,"h264_qsv","h264_qsv_LA-ICQ","veryslow",4,"-hwaccel qsv -c:v mpeg2_qsv","videos/dist/h264_qsv_min_qp/9004c487849a",108452.884765625,7228.9873046875,"-global_quality 25 -look_ahead 1 -bf 16 -refs 9 -min_qp_i 23 -min_qp_p 25 -min_qp_b 25",12.76475191116333,"00:00:12",0.5770932244789232,9.402454574541107,0.977746,0.994418,73.415584,95.700976
26,"h264_qsv","h264_qsv_LA-ICQ","veryslow",4,"-hwaccel qsv -c:v mpeg2_qsv","videos/dist/h264_qsv_min_qp/2944a279a367",108452.884765625,7228.9873046875,"-global_quality 25 -look_ahead 1 -bf 16 -refs 9 -min_qp_i 23 -min_qp_p 25 -min_qp_b 26",12.765347719192505,"00:00:12",0.5770932244789232,9.40201572570967,0.977746,0.994418,73.415584,95.700976
27,"h264_qsv","h264_qsv_LA-ICQ","veryslow",4,"-hwaccel qsv -c:v mpeg2_qsv","videos/dist/h264_qsv_min_qp/980757e839a1",108452.884765625,7228.9873046875,"-global_quality 25 -look_ahead 1 -bf 16 -refs 9 -min_qp_i 23 -min_qp_p 25 -min_qp_b 27",12.760751724243164,"00:00:12",0.5770932244789232,9.405402016558577,0.977746,0.994418,73.415584,95.700976
28,"h264_qsv","h264_qsv_LA-ICQ","veryslow",4,"-hwaccel qsv -c:v mpeg2_qsv","videos/dist/h264_qsv_min_qp/75c5a3265175",108452.884765625,7228.9873046875,"-global_quality 25 -look_ahead 1 -bf 16 -refs 9 -min_qp_i 23 -min_qp_p 25 -min_qp_b 28",12.763676643371582,"00:00:12",0.5770932244789232,9.40324667832514,0.977746,0.994418,73.415584,95.700976
29,"h264_qsv","h264_qsv_LA-ICQ","veryslow",4,"-hwaccel qsv -c:v mpeg2_qsv","videos/dist/h264_qsv_min_qp/a399945b1382",108452.884765625,7228.9873046875,"-global_quality 25 -look_ahead 1 -bf 16 -refs 9 -min_qp_i 23 -min_qp_p 25 -min_qp_b 29",12.756710529327393,"00:00:12",0.5770932244789232,9.408381551347167,0.977746,0.994418,73.415584,95.700976
30,"h264_qsv","h264_qsv_LA-ICQ","veryslow",4,"-hwaccel qsv -c:v mpeg2_qsv","videos/dist/h264_qsv_min_qp/d25f94be0d12",108452.884765625,7228.9873046875,"-global_quality 25 -look_ahead 1 -bf 16 -refs 9 -min_qp_i 23 -min_qp_p 25 -min_qp_b 30",12.757810831069946,"00:00:12",0.5770932244789232,9.407570122274215,0.977746,0.994418,73.415584,95.700976
31,"h264_qsv","h264_qsv_LA-ICQ","veryslow",4,"-hwaccel qsv -c:v mpeg2_qsv","videos/dist/h264_qsv_min_qp/ca989dbf9683",108452.884765625,7228.9873046875,"-global_quality 25 -look_ahead 1 -bf 16 -refs 9 -min_qp_i 23 -min_qp_p 25 -min_qp_b 31",12.762154817581177,"00:00:12",0.5770932244789232,9.404367970419866,0.977746,0.994418,73.415584,95.700976
32,"h264_qsv","h264_qsv_LA-ICQ","veryslow",4,"-hwaccel qsv -c:v mpeg2_qsv","videos/dist/h264_qsv_min_qp/eb8217bf3e0f",108452.884765625,7228.9873046875,"-global_quality 25 -look_ahead 1 -bf 16 -refs 9 -min_qp_i 23 -min_qp_p 25 -min_qp_b 32",12.754318475723267,"00:00:12",0.5770932244789232,9.410146079419892,0.977746,0.994418,73.415584,95.700976
33,"h264_qsv","h264_qsv_LA-ICQ","veryslow",4,"-hwaccel qsv -c:v mpeg2_qsv","videos/dist/h264_qsv_min_qp/00763bf9c9ac",108452.884765625,7228.9873046875,"-global_quality 25 -look_ahead 1 -bf 16 -refs 9 -min_qp_i 23 -min_qp_p 25 -min_qp_b 33",12.76432180404663,"00:00:12",0.5770932244789232,9.402771400040264,0.977746,0.994418,73.415584,95.700976
34,"h264_qsv","h264_qsv_LA-ICQ","veryslow",4,"-hwaccel qsv -c:v mpeg2_qsv","videos/dist/h264_qsv_min_qp/35472eadb8d7",108452.884765625,7228.9873046875,"-global_quality 25 -look_ahead 1 -bf 16 -refs 9 -min_qp_i 23 -min_qp_p 26 -min_qp_b 23",12.759227275848389,"00:00:12",0.5770932244789232,9.406525756240956,0.977746,0.994418,73.415584,95.700976
35,"h264_qsv","h264_qsv_LA-ICQ","veryslow",4,"-hwaccel qsv -c:v mpeg2_qsv","videos/dist/h264_qsv_min_qp/81e316f155e7",108452.884765625,7228.9873046875,"-global_quality 25 -look_ahead 1 -bf 16 -refs 9 -min_qp_i 23 -min_qp_p 26 -min_qp_b 24",12.758302450180054,"00:00:12",0.5770932244789232,9.407207617836823,0.977746,0.994418,73.415584,95.700976
36,"h264_qsv","h264_qsv_LA-ICQ","veryslow",4,"-hwaccel qsv -c:v mpeg2_qsv","videos/dist/h264_qsv_min_qp/b70fb359dcc7",108452.884765625,7228.9873046875,"-global_quality 25 -look_ahead 1 -bf 16 -refs 9 -min_qp_i 23 -min_qp_p 26 -min_qp_b 25",12.75951886177063,"00:00:12",0.5770932244789232,9.406310794335461,0.977746,0.994418,73.415584,95.700976
37,"h264_qsv","h264_qsv_LA-ICQ","veryslow",4,"-hwaccel qsv -c:v mpeg2_qsv","videos/dist/h264_qsv_min_qp/5a534fc26ddb",108452.884765625,7228.9873046875,"-global_quality 25 -look_ahead 1 -bf 16 -refs 9 -min_qp_i 23 -min_qp_p 26 -min_qp_b 26",12.76011848449707,"00:00:12",0.5770932244789232,9.40586877353988,0.977746,0.994418,73.415584,95.700976
38,"h264_qsv","h264_qsv_LA-ICQ","veryslow",4,"-hwaccel qsv -c:v mpeg2_qsv","videos/dist/h264_qsv_min_qp/0942df0d96c6",108452.884765625,7228.9873046875,"-global_quality 25 -look_ahead 1 -bf 16 -refs 9 -min_qp_i 23 -min_qp_p 26 -min_qp_b 27",12.759028911590576,"00:00:12",0.5770932244789232,9.406671999228033,0.977746,0.994418,73.415584,95.700976
39,"h264_qsv","h264_qsv_LA-ICQ","veryslow",4,"-hwaccel qsv -c:v mpeg2_qsv","videos/dist/h264_qsv_min_qp/3318e42998b0",108452.884765625,7228.9873046875,"-global_quality 25 -look_ahead 1 -bf 16 -refs 9 -min_qp_i 23 -min_qp_p 26 -min_qp_b 28",12.756103038787842,"00:00:12",0.5770932244789232,9.408829611602524,0.977746,0.994418,73.415584,95.700976
40,"h264_qsv","h264_qsv_LA-ICQ","veryslow",4,"-hwaccel qsv -c:v mpeg2_qsv","videos/dist/h264_qsv_min_qp/3645929f7bc2",108452.884765625,7228.9873046875,"-global_quality 25 -look_ahead 1 -bf 16 -refs 9 -min_qp_i 23 -min_qp_p 26 -min_qp_b 29",12.76593565940857,"00:00:12",0.5770932244789232,9.401582712156673,0.977746,0.994418,73.415584,95.700976
41,"h264_qsv","h264_qsv_LA-ICQ","veryslow",4,"-hwaccel qsv -c:v mpeg2_qsv","videos/dist/h264_qsv_min_qp/a6137d3a7c3a",108452.884765625,7228.9873046875,"-global_quality 25 -look_ahead 1 -bf 16 -refs 9 -min_qp_i 23 -min_qp_p 26 -min_qp_b 30",12.75790524482727,"00:00:12",0.5770932244789232,9.407500502377728,0.977746,0.994418,73.415584,95.700976
42,"h264_qsv","h264_qsv_LA-ICQ","veryslow",4,"-hwaccel qsv -c:v mpeg2_qsv","videos/dist/h264_qsv_min_qp/84f8de5f78ea",108452.884765625,7228.9873046875,"-global_quality 25 -look_ahead 1 -bf 16 -refs 9 -min_qp_i 23 -min_qp_p 26 -min_qp_b 31",12.760047197341919,"00:00:12",0.5770932244789232,9.405921321748849,0.977746,0.994418,73.415584,95.700976
43,"h264_qsv","h264_qsv_LA-ICQ","veryslow",4,"-hwaccel qsv -c:v mpeg2_qsv","videos/dist/h264_qsv_min_qp/9dc30c6ff6bb",108452.884765625,7228.9873046875,"-global_quality 25 -look_ahead 1 -bf 16 -refs 9 -min_qp_i 23 -min_qp_p 26 -min_qp_b 32",12.754183530807495,"00:00:12",0.5770932244789232,9.410245642936994,0.977746,0.994418,73.415584,95.700976
44,"h264_qsv","h264_qsv_LA-ICQ","veryslow",4,"-hwaccel qsv -c:v mpeg2_qsv","videos/dist/h264_qsv_min_qp/fdc2bc0fd959",108452.884765625,7228.9873046875,"-global_quality 25 -look_ahead 1 -bf 16 -refs 9 -min_qp_i 23 -min_qp_p 26 -min_qp_b 33",12.758902549743652,"00:00:12",0.5770932244789232,9.406765161194166,0.977746,0.994418,73.415584,95.700976
45,"h264_qsv","h264_qsv_LA-ICQ","veryslow",4,"-hwaccel qsv -c:v mpeg2_qsv","videos/dist/h264_qsv_min_qp/c69ff08dd27d",108452.884765625,7228.9873046875,"-global_quality 25 -look_ahead 1 -bf 16 -refs 9 -min_qp_i 23 -min_qp_p 27 -min_qp_b 23",12.762925148010254,"00:00:12",0.5770932244789232,9.403800352046346,0.977746,0.994418,73.415584,95.700976
46,"h264_qsv","h264_qsv_LA-ICQ","veryslow",4,"-hwaccel qsv -c:v mpeg2_qsv","videos/dist/h264_qsv_min_qp/43c92300d5fc",108452.884765625,7228.9873046875,"-global_quality 25 -look_ahead 1 -bf 16 -refs 9 -min_qp_i 23 -min_qp_p 27 -min_qp_b 24",12.77479863166809,"00:00:12",0.5770932244789232,9.395060028772303,0.977746,0.994418,73.415584,95.700976
47,"h264_qsv","h264_qsv_LA-ICQ","veryslow",4,"-hwaccel qsv -c:v mpeg2_qsv","videos/dist/h264_qsv_min_qp/00b77e8f032b",108452.884765625,7228.9873046875,"-global_quality 25 -look_ahead 1 -bf 16 -refs 9 -min_qp_i 23 -min_qp_p 27 -min_qp_b 25",12.755218744277954,"00:00:12",0.5770932244789232,9.40948190746172,0.977746,0.994418,73.415584,95.700976
48,"h264_qsv","h264_qsv_LA-ICQ","veryslow",4,"-hwaccel qsv -c:v mpeg2_qsv","videos/dist/h264_qsv_min_qp/404971f77641",108452.884765625,7228.9873046875,"-global_quality 25 -look_ahead 1 -bf 16 -refs 9 -min_qp_i 23 -min_qp_p 27 -min_qp_b 26",12.76524543762207,"00:00:12",0.5770932244789232,9.40209105939114,0.977746,0.994418,73.415584,95.700976
49,"h264_qsv","h264_qsv_LA-ICQ","veryslow",4,"-hwaccel qsv -c:v mpeg2_qsv","videos/dist/h264_qsv_min_qp/bd8360685de1",108452.884765625,7228.9873046875,"-global_quality 25 -look_ahead 1 -bf 16 -refs 9 -min_qp_i 23 -min_qp_p 27 -min_qp_b 27",12.758783102035522,"00:00:12",0.5770932244789232,9.406853227315397,0.977746,0.994418,73.415584,95.700976
50,"h264_qsv","h264_qsv_LA-ICQ","veryslow",4,"-hwaccel qsv -c:v mpeg2_qsv","videos/dist/h264_qsv_min_qp/5e153933930c",108452.884765625,7228.9873046875,"-global_quality 25 -look_ahead 1 -bf 16 -refs 9 -min_qp_i 23 -min_qp_p 27 -min_qp_b 28",12.758175134658813,"00:00:12",0.5770932244789232,9.407301493608916,0.977746,0.994418,73.415584,95.700976
51,"h264_qsv","h264_qsv_LA-ICQ","veryslow",4,"-hwaccel qsv -c:v mpeg2_qsv","videos/dist/h264_qsv_min_qp/3e11b37b7bec",108452.884765625,7228.9873046875,"-global_quality 25 -look_ahead 1 -bf 16 -refs 9 -min_qp_i 23 -min_qp_p 27 -min_qp_b 29",12.762459754943848,"00:00:12",0.5770932244789232,9.40414326897347,0.977746,0.994418,73.415584,95.700976
52,"h264_qsv","h264_qsv_LA-ICQ","veryslow",4,"-hwaccel qsv -c:v mpeg2_qsv","videos/dist/h264_qsv_min_qp/097b54cc4afe",108452.884765625,7228.9873046875,"-global_quality 25 -look_ahead 1 -bf 16 -refs 9 -min_qp_i 23 -min_qp_p 27 -min_qp_b 30",12.75770092010498,"00:00:12",0.5770932244789232,9.407651170977003,0.977746,0.994418,73.415584,95.700976
53,"h264_qsv","h264_qsv_LA-ICQ","veryslow",4,"-hwaccel qsv -c:v mpeg2_qsv","videos/dist/h264_qsv_min_qp/f3bf55084bf4",108452.884765625,7228.9873046875,"-global_quality 25 -look_ahead 1 -bf 16 -refs 9 -min_qp_i 23 -min_qp_p 27 -min_qp_b 31",12.78047227859497,"00:00:12",0.5770932244789232,9.390889271049259,0.977746,0.994418,73.415584,95.700976
54,"h264_qsv","h264_qsv_LA-ICQ","veryslow",4,"-hwaccel qsv -c:v mpeg2_qsv","videos/dist/h264_qsv_min_qp/a0983a3f0c59",108452.884765625,7228.9873046875,"-global_quality 25 -look_ahead 1 -bf 16 -refs 9 -min_qp_i 23 -min_qp_p 27 -min_qp_b 32",12.755541324615479,"00:00:12",0.5770932244789232,9.409243947051229,0.977746,0.994418,73.415584,95.700976
55,"h264_qsv","h264_qsv_LA-ICQ","veryslow",4,"-hwaccel qsv -c:v mpeg2_qsv","videos/dist/h264_qsv_min_qp/bed5b6d3e624",108452.884765625,7228.9873046875,"-global_quality 25 -look_ahead 1 -bf 16 -refs 9 -min_qp_i 23 -min_qp_p 27 -min_qp_b 33",12.75629186630249,"00:00:12",0.5770932244789232,9.40869033555507,0.977746,0.994418,73.415584,95.700976
56,"h264_qsv","h264_qsv_LA-ICQ","veryslow",4,"-hwaccel qsv -c:v mpeg2_qsv","videos/dist/h264_qsv_min_qp/bd59f490044f",108452.884765625,7228.9873046875,"-global_quality 25 -look_ahead 1 -bf 16 -refs 9 -min_qp_i 23 -min_qp_p 28 -min_qp_b 23",12.75658917427063,"00:00:12",0.5770932244789232,9.408471054478577,0.977746,0.994418,73.415584,95.700976
57,"h264_qsv","h264_qsv_LA-ICQ","veryslow",4,"-hwaccel qsv -c:v mpeg2_qsv","videos/dist/h264_qsv_min_qp/aea8e53c10da",108452.884765625,7228.9873046875,"-global_quality 25 -look_ahead 1 -bf 16 -refs 9 -min_qp_i 23 -min_qp_p 28 -min_qp_b 24",12.755901098251343,"00:00:12",0.5770932244789232,9.408978564160636,0.977746,0.994418,73.415584,95.700976
58,"h264_qsv","h264_qsv_LA-ICQ","veryslow",4,"-hwaccel qsv -c:v mpeg2_qsv","videos/dist/h264_qsv_min_qp/66a0d9981c12",108452.884765625,7228.9873046875,"-global_quality 25 -look_ahead 1 -bf 16 -refs 9 -min_qp_i 23 -min_qp_p 28 -min_qp_b 25",12.754400968551636,"00:00:12",0.5770932244789232,9.41008521654069,0.977746,0.994418,73.415584,95.700976
59,"h264_qsv","h264_qsv_LA-ICQ","veryslow",4,"-hwaccel qsv -c:v mpeg2_qsv","videos/dist/h264_qsv_min_qp/c5525827c553",108452.884765625,7228.9873046875,"-global_quality 25 -look_ahead 1 -bf 16 -refs 9 -min_qp_i 23 -min_qp_p 28 -min_qp_b 26",12.75756049156189,"00:00:12",0.5770932244789232,9.407754725473076,0.977746,0.994418,73.415584,95.700976
60,"h264_qsv","h264_qsv_LA-ICQ","veryslow",4,"-hwaccel qsv -c:v mpeg2_qsv","videos/dist/h264_qsv_min_qp/1420fa4f5e6d",108452.884765625,7228.9873046875,"-global_quality 25 -look_ahead 1 -bf 16 -refs 9 -min_qp_i 23 -min_qp_p 28 -min_qp_b 27",12.771425485610962,"00:00:12",0.5770932244789232,9.397541420511091,0.977746,0.994418,73.415584,95.700976
61,"h264_qsv","h264_qsv_LA-ICQ","veryslow",4,"-hwaccel qsv -c:v mpeg2_qsv","videos/dist/h264_qsv_min_qp/08ab875ad084",108452.884765625,7228.9873046875,"-global_quality 25 -look_ahead 1 -bf 16 -refs 9 -min_qp_i 23 -min_qp_p 28 -min_qp_b 28",12.760929346084595,"00:00:12",0.5770932244789232,9.405271100950452,0.977746,0.994418,73.415584,95.700976
62,"h264_qsv","h264_qsv_LA-ICQ","veryslow",4,"-hwaccel qsv -c:v mpeg2_qsv","videos/dist/h264_qsv_min_qp/ce98ac5d4fb8",108452.884765625,7228.9873046875,"-global_quality 25 -look_ahead 1 -bf 16 -refs 9 -min_qp_i 23 -min_qp_p 28 -min_qp_b 29",12.75819993019104,"00:00:12",0.5770932244789232,9.407283210540095,0.977746,0.994418,73.415584,95.700976
63,"h264_qsv","h264_qsv_LA-ICQ","veryslow",4,"-hwaccel qsv -c:v mpeg2_qsv","videos/dist/h264_qsv_min_qp/fa8694d683f0",108452.884765625,7228.9873046875,"-global_quality 25 -look_ahead 1 -bf 16 -refs 9 -min_qp_i 23 -min_qp_p 28 -min_qp_b 30",12.766711711883545,"00:00:12",0.5770932244789232,9.40101121640294,0.977746,0.994418,73.415584,95.700976
64,"h264_qsv","h264_qsv_LA-ICQ","veryslow",4,"-hwaccel qsv -c:v mpeg2_qsv","videos/dist/h264_qsv_min_qp/b917f7f69525",108452.884765625,7228.9873046875,"-global_quality 25 -look_ahead 1 -bf 16 -refs 9 -min_qp_i 23 -min_qp_p 28 -min_qp_b 31",12.769156217575073,"00:00:12",0.5770932244789232,9.39921150269962,0.977746,0.994418,73.415584,95.700976
65,"h264_qsv","h264_qsv_LA-ICQ","veryslow",4,"-hwaccel qsv -c:v mpeg2_qsv","videos/dist/h264_qsv_min_qp/b91924ee657b",108452.884765625,7228.9873046875,"-global_quality 25 -look_ahead 1 -bf 16 -refs 9 -min_qp_i 23 -min_qp_p 28 -min_qp_b 32",12.774225950241089,"00:00:12",0.5770932244789232,9.395481218784521,0.977746,0.994418,73.415584,95.700976
66,"h264_qsv","h264_qsv_LA-ICQ","veryslow",4,"-hwaccel qsv -c:v mpeg2_qsv","videos/dist/h264_qsv_min_qp/250dff8af422",108452.884765625,7228.9873046875,"-global_quality 25 -look_ahead 1 -bf 16 -refs 9 -min_qp_i 23 -min_qp_p 28 -min_qp_b 33",12.775797367095947,"00:00:12",0.5770932244789232,9.394325579169827,0.977746,0.994418,73.415584,95.700976
67,"h264_qsv","h264_qsv_LA-ICQ","veryslow",4,"-hwaccel qsv -c:v mpeg2_qsv","videos/dist/h264_qsv_min_qp/056c58ef4704",108452.884765625,7228.9873046875,"-global_quality 25 -look_ahead 1 -bf 16 -refs 9 -min_qp_i 23 -min_qp_p 29 -min_qp_b 23",12.756065845489502,"00:00:12",0.5770932244789232,9.408857045249468,0.977746,0.994418,73.415584,95.700976
68,"h264_qsv","h264_qsv_LA-ICQ","veryslow",4,"-hwaccel qsv -c:v mpeg2_qsv","videos/dist/h264_qsv_min_qp/10587c4a4782",108452.884765625,7228.9873046875,"-global_quality 25 -look_ahead 1 -bf 16 -refs 9 -min_qp_i 23 -min_qp_p 29 -min_qp_b 24",12.761971950531006,"00:00:12",0.5770932244789232,9.404502726164207,0.977746,0.994418,73.415584,95.700976
69,"h264_qsv","h264_qsv_LA-ICQ","veryslow",4,"-hwaccel qsv -c:v mpeg2_qsv","videos/dist/h264_qsv_min_qp/9923727bf3b5",108452.884765625,7228.9873046875,"-global_quality 25 -look_ahead 1 -bf 16 -refs 9 -min_qp_i 23 -min_qp_p 29 -min_qp_b 25",12.76506233215332,"00:00:12",0.5770932244789232,9.402225925500357,0.977746,0.994418,73.415584,95.700976
70,"h264_qsv","h264_qsv_LA-ICQ","veryslow",4,"-hwaccel qsv -c:v mpeg2_qsv","videos/dist/h264_qsv_min_qp/a06bf1b96c5a",108452.884765625,7228.9873046875,"-global_quality 25 -look_ahead 1 -bf 16 -refs 9 -min_qp_i 23 -min_qp_p 29 -min_qp_b 26",12.760169267654419,"00:00:12",0.5770932244789232,9.405831339889595,0.977746,0.994418,73.415584,95.700976
71,"h264_qsv","h264_qsv_LA-ICQ","veryslow",4,"-hwaccel qsv -c:v mpeg2_qsv","videos/dist/h264_qsv_min_qp/cbedb1ac646f",108452.884765625,7228.9873046875,"-global_quality 25 -look_ahead 1 -bf 16 -refs 9 -min_qp_i 23 -min_qp_p 29 -min_qp_b 27",12.753127813339233,"00:00:12",0.5770932244789232,9.411024633067987,0.977746,0.994418,73.415584,95.700976
72,"h264_qsv","h264_qsv_LA-ICQ","veryslow",4,"-hwaccel qsv -c:v mpeg2_qsv","videos/dist/h264_qsv_min_qp/7d0c3bacc6a2",108452.884765625,7228.9873046875,"-global_quality 25 -look_ahead 1 -bf 16 -refs 9 -min_qp_i 23 -min_qp_p 29 -min_qp_b 28",12.7617826461792,"00:00:12",0.5770932244789232,9.404642229660075,0.977746,0.994418,73.415584,95.700976
73,"h264_qsv","h264_qsv_LA-ICQ","veryslow",4,"-hwaccel qsv -c:v mpeg2_qsv","videos/dist/h264_qsv_min_qp/0e1d519a42cb",108452.884765625,7228.9873046875,"-global_quality 25 -look_ahead 1 -bf 16 -refs 9 -min_qp_i 23 -min_qp_p 29 -min_qp_b 29",12.752341985702515,"00:00:12",0.5770932244789232,9.411604561308211,0.977746,0.994418,73.415584,95.700976
74,"h264_qsv","h264_qsv_LA-ICQ","veryslow",4,"-hwaccel qsv -c:v mpeg2_qsv","videos/dist/h264_qsv_min_qp/5a552efde21c",108452.884765625,7228.9873046875,"-global_quality 25 -look_ahead 1 -bf 16 -refs 9 -min_qp_i 23 -min_qp_p 29 -min_qp_b 30",12.75915789604187,"00:00:12",0.5770932244789232,9.406576905614786,0.977746,0.994418,73.415584,95.700976
75,"h264_qsv","h264_qsv_LA-ICQ","veryslow",4,"-hwaccel qsv -c:v mpeg2_qsv","videos/dist/h264_qsv_min_qp/cc0b0bf06f7a",108452.884765625,7228.9873046875,"-global_quality 25 -look_ahead 1 -bf 16 -refs 9 -min_qp_i 23 -min_qp_p 29 -min_qp_b 31",12.76138687133789,"00:00:12",0.5770932244789232,9.404933900214658,0.977746,0.994418,73.415584,95.700976
76,"h264_qsv","h264_qsv_LA-ICQ","veryslow",4,"-hwaccel qsv -c:v mpeg2_qsv","videos/dist/h264_qsv_min_qp/6ddc91e001d7",108452.884765625,7228.9873046875,"-global_quality 25 -look_ahead 1 -bf 16 -refs 9 -min_qp_i 23 -min_qp_p 29 -min_qp_b 32",12.759857654571533,"00:00:12",0.5770932244789232,9.40606104308694,0.977746,0.994418,73.415584,95.700976
77,"h264_qsv","h264_qsv_LA-ICQ","veryslow",4,"-hwaccel qsv -c:v mpeg2_qsv","videos/dist/h264_qsv_min_qp/38d01b23aee6",108452.884765625,7228.9873046875,"-global_quality 25 -look_ahead 1 -bf 16 -refs 9 -min_qp_i 23 -min_qp_p 29 -min_qp_b 33",12.771023035049438,"00:00:12",0.5770932244789232,9.39783756325637,0.977746,0.994418,73.415584,95.700976
78,"h264_qsv","h264_qsv_LA-ICQ","veryslow",4,"-hwaccel qsv -c:v mpeg2_qsv","videos/dist/h264_qsv_min_qp/639a2354b6ba",108452.884765625,7228.9873046875,"-global_quality 25 -look_ahead 1 -bf 16 -refs 9 -min_qp_i 23 -min_qp_p 30 -min_qp_b 23",12.760477781295776,"00:00:12",0.5770932244789232,9.405603932473792,0.977746,0.994418,73.415584,95.700976
79,"h264_qsv","h264_qsv_LA-ICQ","veryslow",4,"-hwaccel qsv -c:v mpeg2_qsv","videos/dist/h264_qsv_min_qp/d6b37272e07a",108452.884765625,7228.9873046875,"-global_quality 25 -look_ahead 1 -bf 16 -refs 9 -min_qp_i 23 -min_qp_p 30 -min_qp_b 24",12.762871980667114,"00:00:12",0.5770932244789232,9.403839526229156,0.977746,0.994418,73.415584,95.700976
80,"h264_qsv","h264_qsv_LA-ICQ","veryslow",4,"-hwaccel qsv -c:v mpeg2_qsv","videos/dist/h264_qsv_min_qp/20a62a0f0209",108452.884765625,7228.9873046875,"-global_quality 25 -look_ahead 1 -bf 16 -refs 9 -min_qp_i 23 -min_qp_p 30 -min_qp_b 25",12.755998849868774,"00:00:12",0.5770932244789232,9.408906461388924,0.977746,0.994418,73.415584,95.700976
81,"h264_qsv","h264_qsv_LA-ICQ","veryslow",4,"-hwaccel qsv -c:v mpeg2_qsv","videos/dist/h264_qsv_min_qp/7590cf9a1f4f",108452.884765625,7228.9873046875,"-global_quality 25 -look_ahead 1 -bf 16 -refs 9 -min_qp_i 23 -min_qp_p 30 -min_qp_b 26",12.756329536437988,"00:00:12",0.5770932244789232,9.408662551180358,0.977746,0.994418,73.415584,95.700976
82,"h264_qsv","h264_qsv_LA-ICQ","veryslow",4,"-hwaccel qsv -c:v mpeg2_qsv","videos/dist/h264_qsv_min_qp/1b59c2a51f0b",108452.884765625,7228.9873046875,"-global_quality 25 -look_ahead 1 -bf 16 -refs 9 -min_qp_i 23 -min_qp_p 30 -min_qp_b 27",12.753493547439575,"00:00:12",0.5770932244789232,9.410754751516343,0.977746,0.994418,73.415584,95.700976
83,"h264_qsv","h264_qsv_LA-ICQ","veryslow",4,"-hwaccel qsv -c:v mpeg2_qsv","videos/dist/h264_qsv_min_qp/064d63aeb9bc",108452.884765625,7228.9873046875,"-global_quality 25 -look_ahead 1 -bf 16 -refs 9 -min_qp_i 23 -min_qp_p 30 -min_qp_b 28",12.767298698425293,"00:00:12",0.5770932244789232,9.40057899756063,0.977746,0.994418,73.415584,95.700976
84,"h264_qsv","h264_qsv_LA-ICQ","veryslow",4,"-hwaccel qsv -c:v mpeg2_qsv","videos/dist/h264_qsv_min_qp/39e904edf089",108452.884765625,7228.9873046875,"-global_quality 25 -look_ahead 1 -bf 16 -refs 9 -min_qp_i 23 -min_qp_p 30 -min_qp_b 29",12.757562398910522,"00:00:12",0.5770932244789232,9.407753318945124,0.977746,0.994418,73.415584,95.700976
85,"h264_qsv","h264_qsv_LA-ICQ","veryslow",4,"-hwaccel qsv -c:v mpeg2_qsv","videos/dist/h264_qsv_min_qp/57c3568c7797",108452.884765625,7228.9873046875,"-global_quality 25 -look_ahead 1 -bf 16 -refs 9 -min_qp_i 23 -min_qp_p 30 -min_qp_b 30",12.760015726089478,"00:00:12",0.5770932244789232,9.405944520476085,0.977746,0.994418,73.415584,95.700976
86,"h264_qsv","h264_qsv_LA-ICQ","veryslow",4,"-hwaccel qsv -c:v mpeg2_qsv","videos/dist/h264_qsv_min_qp/dc6c24b00403",108452.884765625,7228.9873046875,"-global_quality 25 -look_ahead 1 -bf 16 -refs 9 -min_qp_i 23 -min_qp_p 30 -min_qp_b 31",12.762000560760498,"00:00:12",0.5770932244789232,9.40448164287245,0.977746,0.994418,73.415584,95.700976
87,"h264_qsv","h264_qsv_LA-ICQ","veryslow",4,"-hwaccel qsv -c:v mpeg2_qsv","videos/dist/h264_qsv_min_qp/f20ed061ac2a",108452.884765625,7228.9873046875,"-global_quality 25 -look_ahead 1 -bf 16 -refs 9 -min_qp_i 23 -min_qp_p 30 -min_qp_b 32",12.768711566925049,"00:00:12",0.5770932244789232,9.39953881571648,0.977746,0.994418,73.415584,95.700976
88,"h264_qsv","h264_qsv_LA-ICQ","veryslow",4,"-hwaccel qsv -c:v mpeg2_qsv","videos/dist/h264_qsv_min_qp/097058143795",108452.884765625,7228.9873046875,"-global_quality 25 -look_ahead 1 -bf 16 -refs 9 -min_qp_i 23 -min_qp_p 30 -min_qp_b 33",12.764299869537354,"00:00:12",0.5770932244789232,9.40278755801043,0.977746,0.994418,73.415584,95.700976
89,"h264_qsv","h264_qsv_LA-ICQ","veryslow",4,"-hwaccel qsv -c:v mpeg2_qsv","videos/dist/h264_qsv_min_qp/f0a71a89b88f",108452.884765625,7228.9873046875,"-global_quality 25 -look_ahead 1 -bf 16 -refs 9 -min_qp_i 23 -min_qp_p 31 -min_qp_b 23",12.759789228439331,"00:00:12",0.5770932244789232,9.40611148438851,0.977746,0.994418,73.415584,95.700976
90,"h264_qsv","h264_qsv_LA-ICQ","veryslow",4,"-hwaccel qsv -c:v mpeg2_qsv","videos/dist/h264_qsv_min_qp/f258f08f6b73",108452.884765625,7228.9873046875,"-global_quality 25 -look_ahead 1 -bf 16 -refs 9 -min_qp_i 23 -min_qp_p 31 -min_qp_b 24",12.761191129684448,"00:00:12",0.5770932244789232,9.405078160832137,0.977746,0.994418,73.415584,95.700976
91,"h264_qsv","h264_qsv_LA-ICQ","veryslow",4,"-hwaccel qsv -c:v mpeg2_qsv","videos/dist/h264_qsv_min_qp/ba659f89f6a3",108452.884765625,7228.9873046875,"-global_quality 25 -look_ahead 1 -bf 16 -refs 9 -min_qp_i 23 -min_qp_p 31 -min_qp_b 25",12.762179613113403,"00:00:12",0.5770932244789232,9.404349698751847,0.977746,0.994418,73.415584,95.700976
92,"h264_qsv","h264_qsv_LA-ICQ","veryslow",4,"-hwaccel qsv -c:v mpeg2_qsv","videos/dist/h264_qsv_min_qp/98c2f3b2ead8",108452.884765625,7228.9873046875,"-global_quality 25 -look_ahead 1 -bf 16 -refs 9 -min_qp_i 23 -min_qp_p 31 -min_qp_b 26",12.76226282119751,"00:00:12",0.5770932244789232,9.404288383769412,0.977746,0.994418,73.415584,95.700976
93,"h264_qsv","h264_qsv_LA-ICQ","veryslow",4,"-hwaccel qsv -c:v mpeg2_qsv","videos/dist/h264_qsv_min_qp/b9c65d51c5bb",108452.884765625,7228.9873046875,"-global_quality 25 -look_ahead 1 -bf 16 -refs 9 -min_qp_i 23 -min_qp_p 31 -min_qp_b 27",12.759700298309326,"00:00:12",0.5770932244789232,9.40617704131364,0.977746,0.994418,73.415584,95.700976
94,"h264_qsv","h264_qsv_LA-ICQ","veryslow",4,"-hwaccel qsv -c:v mpeg2_qsv","videos/dist/h264_qsv_min_qp/405d0bba7d68",108452.884765625,7228.9873046875,"-global_quality 25 -look_ahead 1 -bf 16 -refs 9 -min_qp_i 23 -min_qp_p 31 -min_qp_b 28",12.762939691543579,"00:00:12",0.5770932244789232,9.403789636295343,0.977746,0.994418,73.415584,95.700976
95,"h264_qsv","h264_qsv_LA-ICQ","veryslow",4,"-hwaccel qsv -c:v mpeg2_qsv","videos/dist/h264_qsv_min_qp/d9743be4310c",108452.884765625,7228.9873046875,"-global_quality 25 -look_ahead 1 -bf 16 -refs 9 -min_qp_i 23 -min_qp_p 31 -min_qp_b 29",12.764593362808228,"00:00:12",0.5770932244789232,9.402571361943913,0.977746,0.994418,73.415584,95.700976
96,"h264_qsv","h264_qsv_LA-ICQ","veryslow",4,"-hwaccel qsv -c:v mpeg2_qsv","videos/dist/h264_qsv_min_qp/845e4a87a68f",108452.884765625,7228.9873046875,"-global_quality 25 -look_ahead 1 -bf 16 -refs 9 -min_qp_i 23 -min_qp_p 31 -min_qp_b 30",12.756081581115723,"00:00:12",0.5770932244789232,9.408845438687006,0.977746,0.994418,73.415584,95.700976
97,"h264_qsv","h264_qsv_LA-ICQ","veryslow",4,"-hwaccel qsv -c:v mpeg2_qsv","videos/dist/h264_qsv_min_qp/6ade3ebbd9c3",108452.884765625,7228.9873046875,"-global_quality 25 -look_ahead 1 -bf 16 -refs 9 -min_qp_i 23 -min_qp_p 31 -min_qp_b 31",12.76058840751648,"00:00:12",0.5770932244789232,9.405522391843904,0.977746,0.994418,73.415584,95.700976
98,"h264_qsv","h264_qsv_LA-ICQ","veryslow",4,"-hwaccel qsv -c:v mpeg2_qsv","videos/dist/h264_qsv_min_qp/e50d4013ebc4",108452.884765625,7228.9873046875,"-global_quality 25 -look_ahead 1 -bf 16 -refs 9 -min_qp_i 23 -min_qp_p 31 -min_qp_b 32",12.758282899856567,"00:00:12",0.5770932244789232,9.407222033095794,0.977746,0.994418,73.415584,95.700976
99,"h264_qsv","h264_qsv_LA-ICQ","veryslow",4,"-hwaccel qsv -c:v mpeg2_qsv","videos/dist/h264_qsv_min_qp/1d2b2e7262c4",108452.884765625,7228.9873046875,"-global_quality 25 -look_ahead 1 -bf 16 -refs 9 -min_qp_i 23 -min_qp_p 31 -min_qp_b 33",12.760786533355713,"00:00:12",0.5770932244789232,9.405376360326768,0.977746,0.994418,73.415584,95.700976
100,"h264_qsv","h264_qsv_LA-ICQ","veryslow",4,"-hwaccel qsv -c:v mpeg2_qsv","videos/dist/h264_qsv_min_qp/3b45ecd3fd4a",108452.884765625,7228.9873046875,"-global_quality 25 -look_ahead 1 -bf 16 -refs 9 -min_qp_i 23 -min_qp_p 32 -min_qp_b 23",12.757010221481323,"00:00:12",0.5770932244789232,9.40816052635125,0.977746,0.994418,73.415584,95.700976
101,"h264_qsv","h264_qsv_LA-ICQ","veryslow",4,"-hwaccel qsv -c:v mpeg2_qsv","videos/dist/h264_qsv_min_qp/6f9db1239841",108452.884765625,7228.9873046875,"-global_quality 25 -look_ahead 1 -bf 16 -refs 9 -min_qp_i 23 -min_qp_p 32 -min_qp_b 24",12.75978708267212,"00:00:12",0.5770932244789232,9.406113066180234,0.977746,0.994418,73.415584,95.700976
102,"h264_qsv","h264_qsv_LA-ICQ","veryslow",4,"-hwaccel qsv -c:v mpeg2_qsv","videos/dist/h264_qsv_min_qp/b07f79e2b7e3",108452.884765625,7228.9873046875,"-global_quality 25 -look_ahead 1 -bf 16 -refs 9 -min_qp_i 23 -min_qp_p 32 -min_qp_b 25",12.760303974151611,"00:00:12",0.5770932244789232,9.405732045500093,0.977746,0.994418,73.415584,95.700976
103,"h264_qsv","h264_qsv_LA-ICQ","veryslow",4,"-hwaccel qsv -c:v mpeg2_qsv","videos/dist/h264_qsv_min_qp/15098f009d90",108452.884765625,7228.9873046875,"-global_quality 25 -look_ahead 1 -bf 16 -refs 9 -min_qp_i 23 -min_qp_p 32 -min_qp_b 26",12.757894277572632,"00:00:12",0.5770932244789232,9.407508589484525,0.977746,0.994418,73.415584,95.700976
104,"h264_qsv","h264_qsv_LA-ICQ","veryslow",4,"-hwaccel qsv -c:v mpeg2_qsv","videos/dist/h264_qsv_min_qp/93bfcebfd5dc",108452.884765625,7228.9873046875,"-global_quality 25 -look_ahead 1 -bf 16 -refs 9 -min_qp_i 23 -min_qp_p 32 -min_qp_b 27",12.760921001434326,"00:00:12",0.5770932244789232,9.405277251266563,0.977746,0.994418,73.415584,95.700976
105,"h264_qsv","h264_qsv_LA-ICQ","veryslow",4,"-hwaccel qsv -c:v mpeg2_qsv","videos/dist/h264_qsv_min_qp/9b2dd149a242",108452.884765625,7228.9873046875,"-global_quality 25 -look_ahead 1 -bf 16 -refs 9 -min_qp_i 23 -min_qp_p 32 -min_qp_b 28",12.758752584457397,"00:00:12",0.5770932244789232,9.406875727507039,0.977746,0.994418,73.415584,95.700976
106,"h264_qsv","h264_qsv_LA-ICQ","veryslow",4,"-hwaccel qsv -c:v mpeg2_qsv","videos/dist/h264_qsv_min_qp/ada7b35a71ee",108452.884765625,7228.9873046875,"-global_quality 25 -look_ahead 1 -bf 16 -refs 9 -min_qp_i 23 -min_qp_p 32 -min_qp_b 29",12.758014917373657,"00:00:12",0.5770932244789232,9.407419632074479,0.977746,0.994418,73.415584,95.700976
107,"h264_qsv","h264_qsv_LA-ICQ","veryslow",4,"-hwaccel qsv -c:v mpeg2_qsv","videos/dist/h264_qsv_min_qp/decabbda9292",108452.884765625,7228.9873046875,"-global_quality 25 -look_ahead 1 -bf 16 -refs 9 -min_qp_i 23 -min_qp_p 32 -min_qp_b 30",12.760888576507568,"00:00:12",0.5770932244789232,9.405301149714088,0.977746,0.994418,73.415584,95.700976
108,"h264_qsv","h264_qsv_LA-ICQ","veryslow",4,"-hwaccel qsv -c:v mpeg2_qsv","videos/dist/h264_qsv_min_qp/25d7ccd143fb",108452.884765625,7228.9873046875,"-global_quality 25 -look_ahead 1 -bf 16 -refs 9 -min_qp_i 23 -min_qp_p 32 -min_qp_b 31",12.76434588432312,"00:00:12",0.5770932244789232,9.402753661463047,0.977746,0.994418,73.415584,95.700976
109,"h264_qsv","h264_qsv_LA-ICQ","veryslow",4,"-hwaccel qsv -c:v mpeg2_qsv","videos/dist/h264_qsv_min_qp/36ef4fb06294",108452.884765625,7228.9873046875,"-global_quality 25 -look_ahead 1 -bf 16 -refs 9 -min_qp_i 23 -min_qp_p 32 -min_qp_b 32",12.759668111801147,"00:00:12",0.5770932244789232,9.406200768576108,0.977746,0.994418,73.415584,95.700976
110,"h264_qsv","h264_qsv_LA-ICQ","veryslow",4,"-hwaccel qsv -c:v mpeg2_qsv","videos/dist/h264_qsv_min_qp/772f7ae8582e",108452.884765625,7228.9873046875,"-global_quality 25 -look_ahead 1 -bf 16 -refs 9 -min_qp_i 23 -min_qp_p 32 -min_qp_b 33",12.759748458862305,"00:00:12",0.5770932244789232,9.40614153852225,0.977746,0.994418,73.415584,95.700976
111,"h264_qsv","h264_qsv_LA-ICQ","veryslow",4,"-hwaccel qsv -c:v mpeg2_qsv","videos/dist/h264_qsv_min_qp/a607f97fddc4",108452.884765625,7228.9873046875,"-global_quality 25 -look_ahead 1 -bf 16 -refs 9 -min_qp_i 23 -min_qp_p 33 -min_qp_b 23",12.755202293395996,"00:00:12",0.5770932244789232,9.409494043237585,0.977746,0.994418,73.415584,95.700976
112,"h264_qsv","h264_qsv_LA-ICQ","veryslow",4,"-hwaccel qsv -c:v mpeg2_qsv","videos/dist/h264_qsv_min_qp/2796cc5c250d",108452.884765625,7228.9873046875,"-global_quality 25 -look_ahead 1 -bf 16 -refs 9 -min_qp_i 23 -min_qp_p 33 -min_qp_b 24",12.758596181869507,"00:00:12",0.5770932244789232,9.406991042678612,0.977746,0.994418,73.415584,95.700976
113,"h264_qsv","h264_qsv_LA-ICQ","veryslow",4,"-hwaccel qsv -c:v mpeg2_qsv","videos/dist/h264_qsv_min_qp/b4ef1353cce4",108452.884765625,7228.9873046875,"-global_quality 25 -look_ahead 1 -bf 16 -refs 9 -min_qp_i 23 -min_qp_p 33 -min_qp_b 25",12.7563157081604,"00:00:12",0.5770932244789232,9.408672750488721,0.977746,0.994418,73.415584,95.700976
114,"h264_qsv","h264_qsv_LA-ICQ","veryslow",4,"-hwaccel qsv -c:v mpeg2_qsv","videos/dist/h264_qsv_min_qp/646937657a1d",108452.884765625,7228.9873046875,"-global_quality 25 -look_ahead 1 -bf 16 -refs 9 -min_qp_i 23 -min_qp_p 33 -min_qp_b 26",12.77280592918396,"00:00:12",0.5770932244789232,9.396525764614662,0.977746,0.994418,73.415584,95.700976
115,"h264_qsv","h264_qsv_LA-ICQ","veryslow",4,"-hwaccel qsv -c:v mpeg2_qsv","videos/dist/h264_qsv_min_qp/984fb10f94d8",108452.884765625,7228.9873046875,"-global_quality 25 -look_ahead 1 -bf 16 -refs 9 -min_qp_i 23 -min_qp_p 33 -min_qp_b 27",12.768041849136353,"00:00:12",0.5770932244789232,9.400031846552752,0.977746,0.994418,73.415584,95.700976
116,"h264_qsv","h264_qsv_LA-ICQ","veryslow",4,"-hwaccel qsv -c:v mpeg2_qsv","videos/dist/h264_qsv_min_qp/c35d61eb353b",108452.884765625,7228.9873046875,"-global_quality 25 -look_ahead 1 -bf 16 -refs 9 -min_qp_i 23 -min_qp_p 33 -min_qp_b 28",12.763565063476562,"00:00:12",0.5770932244789232,9.403328882103786,0.977746,0.994418,73.415584,95.700976
117,"h264_qsv","h264_qsv_LA-ICQ","veryslow",4,"-hwaccel qsv -c:v mpeg2_qsv","videos/dist/h264_qsv_min_qp/ff8fa470f0eb",108452.884765625,7228.9873046875,"-global_quality 25 -look_ahead 1 -bf 16 -refs 9 -min_qp_i 23 -min_qp_p 33 -min_qp_b 29",12.760138273239136,"00:00:12",0.5770932244789232,9.405854186682975,0.977746,0.994418,73.415584,95.700976
118,"h264_qsv","h264_qsv_LA-ICQ","veryslow",4,"-hwaccel qsv -c:v mpeg2_qsv","videos/dist/h264_qsv_min_qp/c58d8e9099a8",108452.884765625,7228.9873046875,"-global_quality 25 -look_ahead 1 -bf 16 -refs 9 -min_qp_i 23 -min_qp_p 33 -min_qp_b 30",12.765904188156128,"00:00:12",0.5770932244789232,9.401605889487358,0.977746,0.994418,73.415584,95.700976
119,"h264_qsv","h264_qsv_LA-ICQ","veryslow",4,"-hwaccel qsv -c:v mpeg2_qsv","videos/dist/h264_qsv_min_qp/0d612228363f",108452.884765625,7228.9873046875,"-global_quality 25 -look_ahead 1 -bf 16 -refs 9 -min_qp_i 23 -min_qp_p 33 -min_qp_b 31",12.760844945907593,"00:00:12",0.5770932244789232,9.405333307375578,0.977746,0.994418,73.415584,95.700976
120,"h264_qsv","h264_qsv_LA-ICQ","veryslow",4,"-hwaccel qsv -c:v mpeg2_qsv","videos/dist/h264_qsv_min_qp/4efee6017b62",108452.884765625,7228.9873046875,"-global_quality 25 -look_ahead 1 -bf 16 -refs 9 -min_qp_i 23 -min_qp_p 33 -min_qp_b 32",12.765636920928955,"00:00:12",0.5770932244789232,9.401802725818568,0.977746,0.994418,73.415584,95.700976
121,"h264_qsv","h264_qsv_LA-ICQ","veryslow",4,"-hwaccel qsv -c:v mpeg2_qsv","videos/dist/h264_qsv_min_qp/2951b1488222",108452.884765625,7228.9873046875,"-global_quality 25 -look_ahead 1 -bf 16 -refs 9 -min_qp_i 23 -min_qp_p 33 -min_qp_b 33",12.766899824142456,"00:00:12",0.5770932244789232,9.400872698400894,0.977746,0.994418,73.415584,95.700976
122,"h264_qsv","h264_qsv_LA-ICQ","veryslow",4,"-hwaccel qsv -c:v mpeg2_qsv","videos/dist/h264_qsv_min_qp/0e041caabe48",108452.884765625,7228.9873046875,"-global_quality 25 -look_ahead 1 -bf 16 -refs 9 -min_qp_i 24 -min_qp_p 23 -min_qp_b 23",12.765667200088501,"00:00:12",0.5770932244789232,9.401780425481242,0.977746,0.994418,73.415584,95.700976
123,"h264_qsv","h264_qsv_LA-ICQ","veryslow",4,"-hwaccel qsv -c:v mpeg2_qsv","videos/dist/h264_qsv_min_qp/6e0672c302ac",108452.884765625,7228.9873046875,"-global_quality 25 -look_ahead 1 -bf 16 -refs 9 -min_qp_i 24 -min_qp_p 23 -min_qp_b 24",12.766143798828125,"00:00:12",0.5770932244789232,9.4014294285967,0.977746,0.994418,73.415584,95.700976
124,"h264_qsv","h264_qsv_LA-ICQ","veryslow",4,"-hwaccel qsv -c:v mpeg2_qsv","videos/dist/h264_qsv_min_qp/6794b7edd288",108452.884765625,7228.9873046875,"-global_quality 25 -look_ahead 1 -bf 16 -refs 9 -min_qp_i 24 -min_qp_p 23 -min_qp_b 25",12.76416277885437,"00:00:12",0.5770932244789232,9.402888546582155,0.977746,0.994418,73.415584,95.700976
125,"h264_qsv","h264_qsv_LA-ICQ","veryslow",4,"-hwaccel qsv -c:v mpeg2_qsv","videos/dist/h264_qsv_min_qp/8d33fcb9942e",108452.884765625,7228.9873046875,"-global_quality 25 -look_ahead 1 -bf 16 -refs 9 -min_qp_i 24 -min_qp_p 23 -min_qp_b 26",12.762300968170166,"00:00:12",0.5770932244789232,9.404260274016107,0.977746,0.994418,73.415584,95.700976
126,"h264_qsv","h264_qsv_LA-ICQ","veryslow",4,"-hwaccel qsv -c:v mpeg2_qsv","videos/dist/h264_qsv_min_qp/f9b507d7b57b",108452.884765625,7228.9873046875,"-global_quality 25 -look_ahead 1 -bf 16 -refs 9 -min_qp_i 24 -min_qp_p 23 -min_qp_b 27",12.76610279083252,"00:00:12",0.5770932244789232,9.401459628398706,0.977746,0.994418,73.415584,95.700976
127,"h264_qsv","h264_qsv_LA-ICQ","veryslow",4,"-hwaccel qsv -c:v mpeg2_qsv","videos/dist/h264_qsv_min_qp/c5934280235a",108452.884765625,7228.9873046875,"-global_quality 25 -look_ahead 1 -bf 16 -refs 9 -min_qp_i 24 -min_qp_p 23 -min_qp_b 28",12.759236812591553,"00:00:12",0.5770932244789232,9.406518725442679,0.977746,0.994418,73.415584,95.700976
128,"h264_qsv","h264_qsv_LA-ICQ","veryslow",4,"-hwaccel qsv -c:v mpeg2_qsv","videos/dist/h264_qsv_min_qp/b2cc6446a696",108452.884765625,7228.9873046875,"-global_quality 25 -look_ahead 1 -bf 16 -refs 9 -min_qp_i 24 -min_qp_p 23 -min_qp_b 29",12.761488676071167,"00:00:12",0.5770932244789232,9.40485887238589,0.977746,0.994418,73.415584,95.700976
129,"h264_qsv","h264_qsv_LA-ICQ","veryslow",4,"-hwaccel qsv -c:v mpeg2_qsv","videos/dist/h264_qsv_min_qp/3128c269607b",108452.884765625,7228.9873046875,"-global_quality 25 -look_ahead 1 -bf 16 -refs 9 -min_qp_i 24 -min_qp_p 23 -min_qp_b 30",12.762813329696655,"00:00:12",0.5770932244789232,9.403882741177146,0.977746,0.994418,73.415584,95.700976
130,"h264_qsv","h264_qsv_LA-ICQ","veryslow",4,"-hwaccel qsv -c:v mpeg2_qsv","videos/dist/h264_qsv_min_qp/74767d2502d2",108452.884765625,7228.9873046875,"-global_quality 25 -look_ahead 1 -bf 16 -refs 9 -min_qp_i 24 -min_qp_p 23 -min_qp_b 31",12.763324975967407,"00:00:12",0.5770932244789232,9.403505765620684,0.977746,0.994418,73.415584,95.700976
131,"h264_qsv","h264_qsv_LA-ICQ","veryslow",4,"-hwaccel qsv -c:v mpeg2_qsv","videos/dist/h264_qsv_min_qp/79900a931d7c",108452.884765625,7228.9873046875,"-global_quality 25 -look_ahead 1 -bf 16 -refs 9 -min_qp_i 24 -min_qp_p 23 -min_qp_b 32",12.766677141189575,"00:00:12",0.5770932244789232,9.401036673260522,0.977746,0.994418,73.415584,95.700976
132,"h264_qsv","h264_qsv_LA-ICQ","veryslow",4,"-hwaccel qsv -c:v mpeg2_qsv","videos/dist/h264_qsv_min_qp/96cf881c433a",108452.884765625,7228.9873046875,"-global_quality 25 -look_ahead 1 -bf 16 -refs 9 -min_qp_i 24 -min_qp_p 23 -min_qp_b 33",12.762517929077148,"00:00:12",0.5770932244789232,9.404100402989881,0.977746,0.994418,73.415584,95.700976
133,"h264_qsv","h264_qsv_LA-ICQ","veryslow",4,"-hwaccel qsv -c:v mpeg2_qsv","videos/dist/h264_qsv_min_qp/9a1190652c27",108452.884765625,7228.9873046875,"-global_quality 25 -look_ahead 1 -bf 16 -refs 9 -min_qp_i 24 -min_qp_p 24 -min_qp_b 23",12.759307622909546,"00:00:12",0.5770932244789232,9.406466522094203,0.977746,0.994418,73.415584,95.700976
134,"h264_qsv","h264_qsv_LA-ICQ","veryslow",4,"-hwaccel qsv -c:v mpeg2_qsv","videos/dist/h264_qsv_min_qp/5f506b501b34",108452.884765625,7228.9873046875,"-global_quality 25 -look_ahead 1 -bf 16 -refs 9 -min_qp_i 24 -min_qp_p 24 -min_qp_b 24",12.756483793258667,"00:00:12",0.5770932244789232,9.408548777636213,0.977746,0.994418,73.415584,95.700976
135,"h264_qsv","h264_qsv_LA-ICQ","veryslow",4,"-hwaccel qsv -c:v mpeg2_qsv","videos/dist/h264_qsv_min_qp/4bf602176d32",108452.884765625,7228.9873046875,"-global_quality 25 -look_ahead 1 -bf 16 -refs 9 -min_qp_i 24 -min_qp_p 24 -min_qp_b 25",12.764204263687134,"00:00:12",0.5770932244789232,9.40285798633329,0.977746,0.994418,73.415584,95.700976
136,"h264_qsv","h264_qsv_LA-ICQ","veryslow",4,"-hwaccel qsv -c:v mpeg2_qsv","videos/dist/h264_qsv_min_qp/8bda96dcc060",108452.884765625,7228.9873046875,"-global_quality 25 -look_ahead 1 -bf 16 -refs 9 -min_qp_i 24 -min_qp_p 24 -min_qp_b 26",12.76720643043518,"00:00:12",0.5770932244789232,9.40064693509534,0.977746,0.994418,73.415584,95.700976
137,"h264_qsv","h264_qsv_LA-ICQ","veryslow",4,"-hwaccel qsv -c:v mpeg2_qsv","videos/dist/h264_qsv_min_qp/4c233b1af8e6",108452.884765625,7228.9873046875,"-global_quality 25 -look_ahead 1 -bf 16 -refs 9 -min_qp_i 24 -min_qp_p 24 -min_qp_b 27",12.762086391448975,"00:00:12",0.5770932244789232,9.404418393564349,0.977746,0.994418,73.415584,95.700976
138,"h264_qsv","h264_qsv_LA-ICQ","veryslow",4,"-hwaccel qsv -c:v mpeg2_qsv","videos/dist/h264_qsv_min_qp/423f8189f5fe",108452.884765625,7228.9873046875,"-global_quality 25 -look_ahead 1 -bf 16 -refs 9 -min_qp_i 24 -min_qp_p 24 -min_qp_b 28",12.765530347824097,"00:00:12",0.5770932244789232,9.401881216823677,0.977746,0.994418,73.415584,95.700976
139,"h264_qsv","h264_qsv_LA-ICQ","veryslow",4,"-hwaccel qsv -c:v mpeg2_qsv","videos/dist/h264_qsv_min_qp/3630b77b1b40",108452.884765625,7228.9873046875,"-global_quality 25 -look_ahead 1 -bf 16 -refs 9 -min_qp_i 24 -min_qp_p 24 -min_qp_b 29",12.76048731803894,"00:00:12",0.5770932244789232,9.405596903053459,0.977746,0.994418,73.415584,95.700976
140,"h264_qsv","h264_qsv_LA-ICQ","veryslow",4,"-hwaccel qsv -c:v mpeg2_qsv","videos/dist/h264_qsv_min_qp/e700820b1f43",108452.884765625,7228.9873046875,"-global_quality 25 -look_ahead 1 -bf 16 -refs 9 -min_qp_i 24 -min_qp_p 24 -min_qp_b 30",12.765588760375977,"00:00:12",0.5770932244789232,9.40183819586439,0.977746,0.994418,73.415584,95.700976
141,"h264_qsv","h264_qsv_LA-ICQ","veryslow",4,"-hwaccel qsv -c:v mpeg2_qsv","videos/dist/h264_qsv_min_qp/2c82face7f84",108452.884765625,7228.9873046875,"-global_quality 25 -look_ahead 1 -bf 16 -refs 9 -min_qp_i 24 -min_qp_p 24 -min_qp_b 31",12.76577091217041,"00:00:12",0.5770932244789232,9.401704043237796,0.977746,0.994418,73.415584,95.700976
142,"h264_qsv","h264_qsv_LA-ICQ","veryslow",4,"-hwaccel qsv -c:v mpeg2_qsv","videos/dist/h264_qsv_min_qp/d27aed6512ce",108452.884765625,7228.9873046875,"-global_quality 25 -look_ahead 1 -bf 16 -refs 9 -min_qp_i 24 -min_qp_p 24 -min_qp_b 32",12.764674663543701,"00:00:12",0.5770932244789232,9.402511475108783,0.977746,0.994418,73.415584,95.700976
143,"h264_qsv","h264_qsv_LA-ICQ","veryslow",4,"-hwaccel qsv -c:v mpeg2_qsv","videos/dist/h264_qsv_min_qp/319dd5a4ed19",108452.884765625,7228.9873046875,"-global_quality 25 -look_ahead 1 -bf 16 -refs 9 -min_qp_i 24 -min_qp_p 24 -min_qp_b 33",12.762991905212402,"00:00:12",0.5770932244789232,9.403751165193787,0.977746,0.994418,73.415584,95.700976
144,"h264_qsv","h264_qsv_LA-ICQ","veryslow",4,"-hwaccel qsv -c:v mpeg2_qsv","videos/dist/h264_qsv_min_qp/b5f4a1ad58ba",108452.884765625,7228.9873046875,"-global_quality 25 -look_ahead 1 -bf 16 -refs 9 -min_qp_i 24 -min_qp_p 25 -min_qp_b 23",12.765234470367432,"00:00:12",0.5770932244789232,9.402099137200208,0.977746,0.994418,73.415584,95.700976
145,"h264_qsv","h264_qsv_LA-ICQ","veryslow",4,"-hwaccel qsv -c:v mpeg2_qsv","videos/dist/h264_qsv_min_qp/44fc8fe1664c",108452.884765625,7228.9873046875,"-global_quality 25 -look_ahead 1 -bf 16 -refs 9 -min_qp_i 24 -min_qp_p 25 -min_qp_b 24",12.76598572731018,"00:00:12",0.5770932244789232,9.401545839366095,0.977746,0.994418,73.415584,95.700976
146,"h264_qsv","h264_qsv_LA-ICQ","veryslow",4,"-hwaccel qsv -c:v mpeg2_qsv","videos/dist/h264_qsv_min_qp/4e1406147a3c",108452.884765625,7228.9873046875,"-global_quality 25 -look_ahead 1 -bf 16 -refs 9 -min_qp_i 24 -min_qp_p 25 -min_qp_b 25",12.766173839569092,"00:00:12",0.5770932244789232,9.40140730560905,0.977746,0.994418,73.415584,95.700976
147,"h264_qsv","h264_qsv_LA-ICQ","veryslow",4,"-hwaccel qsv -c:v mpeg2_qsv","videos/dist/h264_qsv_min_qp/c4a9cad7dedc",108452.884765625,7228.9873046875,"-global_quality 25 -look_ahead 1 -bf 16 -refs 9 -min_qp_i 24 -min_qp_p 25 -min_qp_b 26",12.765729427337646,"00:00:12",0.5770932244789232,9.401734595986243,0.977746,0.994418,73.415584,95.700976
148,"h264_qsv","h264_qsv_LA-ICQ","veryslow",4,"-hwaccel qsv -c:v mpeg2_qsv","videos/dist/h264_qsv_min_qp/f705d5956506",108452.884765625,7228.9873046875,"-global_quality 25 -look_ahead 1 -bf 16 -refs 9 -min_qp_i 24 -min_qp_p 25 -min_qp_b 27",12.765094757080078,"00:00:12",0.5770932244789232,9.40220204267827,0.977746,0.994418,73.415584,95.700976
149,"h264_qsv","h264_qsv_LA-ICQ","veryslow",4,"-hwaccel qsv -c:v mpeg2_qsv","videos/dist/h264_qsv_min_qp/51615693eea0",108452.884765625,7228.9873046875,"-global_quality 25 -look_ahead 1 -bf 16 -refs 9 -min_qp_i 24 -min_qp_p 25 -min_qp_b 28",12.767946481704712,"00:00:12",0.5770932244789232,9.400102058069994,0.977746,0.994418,73.415584,95.700976
150,"h264_qsv","h264_qsv_LA-ICQ","veryslow",4,"-hwaccel qsv -c:v mpeg2_qsv","videos/dist/h264_qsv_min_qp/1ba910e97d77",108452.884765625,7228.9873046875,"-global_quality 25 -look_ahead 1 -bf 16 -refs 9 -min_qp_i 24 -min_qp_p 25 -min_qp_b 29",12.76351547241211,"00:00:12",0.5770932244789232,9.403365417577861,0.977746,0.994418,73.415584,95.700976
151,"h264_qsv","h264_qsv_LA-ICQ","veryslow",4,"-hwaccel qsv -c:v mpeg2_qsv","videos/dist/h264_qsv_min_qp/05eab26db79e",108452.884765625,7228.9873046875,"-global_quality 25 -look_ahead 1 -bf 16 -refs 9 -min_qp_i 24 -min_qp_p 25 -min_qp_b 30",12.769991397857666,"00:00:12",0.5770932244789232,9.398596777452406,0.977746,0.994418,73.415584,95.700976
152,"h264_qsv","h264_qsv_LA-ICQ","veryslow",4,"-hwaccel qsv -c:v mpeg2_qsv","videos/dist/h264_qsv_min_qp/1d80312f90c9",108452.884765625,7228.9873046875,"-global_quality 25 -look_ahead 1 -bf 16 -refs 9 -min_qp_i 24 -min_qp_p 25 -min_qp_b 31",12.766449928283691,"00:00:12",0.5770932244789232,9.40120398969327,0.977746,0.994418,73.415584,95.700976
153,"h264_qsv","h264_qsv_LA-ICQ","veryslow",4,"-hwaccel qsv -c:v mpeg2_qsv","videos/dist/h264_qsv_min_qp/07f11d792029",108452.884765625,7228.9873046875,"-global_quality 25 -look_ahead 1 -bf 16 -refs 9 -min_qp_i 24 -min_qp_p 25 -min_qp_b 32",12.76991581916809,"00:00:12",0.5770932244789232,9.398652403005332,0.977746,0.994418,73.415584,95.700976
154,"h264_qsv","h264_qsv_LA-ICQ","veryslow",4,"-hwaccel qsv -c:v mpeg2_qsv","videos/dist/h264_qsv_min_qp/b08602fc72d0",108452.884765625,7228.9873046875,"-global_quality 25 -look_ahead 1 -bf 16 -refs 9 -min_qp_i 24 -min_qp_p 25 -min_qp_b 33",12.763810396194458,"00:00:12",0.5770932244789232,9.403148141074242,0.977746,0.994418,73.415584,95.700976
155,"h264_qsv","h264_qsv_LA-ICQ","veryslow",4,"-hwaccel qsv -c:v mpeg2_qsv","videos/dist/h264_qsv_min_qp/9afedf02b81d",108452.884765625,7228.9873046875,"-global_quality 25 -look_ahead 1 -bf 16 -refs 9 -min_qp_i 24 -min_qp_p 26 -min_qp_b 23",12.769346952438354,"00:00:12",0.5770932244789232,9.39907110731937,0.977746,0.994418,73.415584,95.700976
156,"h264_qsv","h264_qsv_LA-ICQ","veryslow",4,"-hwaccel qsv -c:v mpeg2_qsv","videos/dist/h264_qsv_min_qp/c6f88bf6531b",108452.884765625,7228.9873046875,"-global_quality 25 -look_ahead 1 -bf 16 -refs 9 -min_qp_i 24 -min_qp_p 26 -min_qp_b 24",12.76541018486023,"00:00:12",0.5770932244789232,9.401969718320816,0.977746,0.994418,73.415584,95.700976
157,"h264_qsv","h264_qsv_LA-ICQ","veryslow",4,"-hwaccel qsv -c:v mpeg2_qsv","videos/dist/h264_qsv_min_qp/2a29cd88c1b8",108452.884765625,7228.9873046875,"-global_quality 25 -look_ahead 1 -bf 16 -refs 9 -min_qp_i 24 -min_qp_p 26 -min_qp_b 25",12.765506267547607,"00:00:12",0.5770932244789232,9.401898952109256,0.977746,0.994418,73.415584,95.700976
158,"h264_qsv","h264_qsv_LA-ICQ","veryslow",4,"-hwaccel qsv -c:v mpeg2_qsv","videos/dist/h264_qsv_min_qp/a6eb2f2724d2",108452.884765625,7228.9873046875,"-global_quality 25 -look_ahead 1 -bf 16 -refs 9 -min_qp_i 24 -min_qp_p 26 -min_qp_b 26",12.770936727523804,"00:00:12",0.5770932244789232,9.397901074972363,0.977746,0.994418,73.415584,95.700976
159,"h264_qsv","h264_qsv_LA-ICQ","veryslow",4,"-hwaccel qsv -c:v mpeg2_qsv","videos/dist/h264_qsv_min_qp/c3ff5f8da008",108452.884765625,7228.9873046875,"-global_quality 25 -look_ahead 1 -bf 16 -refs 9 -min_qp_i 24 -min_qp_p 26 -min_qp_b 27",12.775270223617554,"00:00:12",0.5770932244789232,9.39471321539014,0.977746,0.994418,73.415584,95.700976
160,"h264_qsv","h264_qsv_LA-ICQ","veryslow",4,"-hwaccel qsv -c:v mpeg2_qsv","videos/dist/h264_qsv_min_qp/e2029d4b37e7",108452.884765625,7228.9873046875,"-global_quality 25 -look_ahead 1 -bf 16 -refs 9 -min_qp_i 24 -min_qp_p 26 -min_qp_b 28",12.769811153411865,"00:00:12",0.5770932244789232,9.398729437587086,0.977746,0.994418,73.415584,95.700976
161,"h264_qsv","h264_qsv_LA-ICQ","veryslow",4,"-hwaccel qsv -c:v mpeg2_qsv","videos/dist/h264_qsv_min_qp/736121cf6e11",108452.884765625,7228.9873046875,"-global_quality 25 -look_ahead 1 -bf 16 -refs 9 -min_qp_i 24 -min_qp_p 26 -min_qp_b 29",12.767482042312622,"00:00:12",0.5770932244789232,9.40044400315133,0.977746,0.994418,73.415584,95.700976
162,"h264_qsv","h264_qsv_LA-ICQ","veryslow",4,"-hwaccel qsv -c:v mpeg2_qsv","videos/dist/h264_qsv_min_qp/1d442803c90f",108452.884765625,7228.9873046875,"-global_quality 25 -look_ahead 1 -bf 16 -refs 9 -min_qp_i 24 -min_qp_p 26 -min_qp_b 30",12.766538858413696,"00:00:12",0.5770932244789232,9.401138502069546,0.977746,0.994418,73.415584,95.700976
163,"h264_qsv","h264_qsv_LA-ICQ","veryslow",4,"-hwaccel qsv -c:v mpeg2_qsv","videos/dist/h264_qsv_min_qp/0d908d258f6d",108452.884765625,7228.9873046875,"-global_quality 25 -look_ahead 1 -bf 16 -refs 9 -min_qp_i 24 -min_qp_p 26 -min_qp_b 31",12.776155471801758,"00:00:12",0.5770932244789232,9.394062264262207,0.977746,0.994418,73.415584,95.700976
164,"h264_qsv","h264_qsv_LA-ICQ","veryslow",4,"-hwaccel qsv -c:v mpeg2_qsv","videos/dist/h264_qsv_min_qp/70e3c88c75b6",108452.884765625,7228.9873046875,"-global_quality 25 -look_ahead 1 -bf 16 -refs 9 -min_qp_i 24 -min_qp_p 26 -min_qp_b 32",12.769252300262451,"00:00:12",0.5770932244789232,9.399140778002575,0.977746,0.994418,73.415584,95.700976
165,"h264_qsv","h264_qsv_LA-ICQ","veryslow",4,"-hwaccel qsv -c:v mpeg2_qsv","videos/dist/h264_qsv_min_qp/cbbbcfc3789e",108452.884765625,7228.9873046875,"-global_quality 25 -look_ahead 1 -bf 16 -refs 9 -min_qp_i 24 -min_qp_p 26 -min_qp_b 33",12.770675897598267,"00:00:12",0.5770932244789232,9.39809301891153,0.977746,0.994418,73.415584,95.700976
166,"h264_qsv","h264_qsv_LA-ICQ","veryslow",4,"-hwaccel qsv -c:v mpeg2_qsv","videos/dist/h264_qsv_min_qp/a4c43e85926b",108452.884765625,7228.9873046875,"-global_quality 25 -look_ahead 1 -bf 16 -refs 9 -min_qp_i 24 -min_qp_p 27 -min_qp_b 23",12.776488065719604,"00:00:12",0.5770932244789232,9.393817720694608,0.977746,0.994418,73.415584,95.700976
167,"h264_qsv","h264_qsv_LA-ICQ","veryslow",4,"-hwaccel qsv -c:v mpeg2_qsv","videos/dist/h264_qsv_min_qp/00dd85bd6735",108452.884765625,7228.9873046875,"-global_quality 25 -look_ahead 1 -bf 16 -refs 9 -min_qp_i 24 -min_qp_p 27 -min_qp_b 24",12.768712520599365,"00:00:12",0.5770932244789232,9.399538113680254,0.977746,0.994418,73.415584,95.700976
168,"h264_qsv","h264_qsv_LA-ICQ","veryslow",4,"-hwaccel qsv -c:v mpeg2_qsv","videos/dist/h264_qsv_min_qp/226f23d34dd5",108452.884765625,7228.9873046875,"-global_quality 25 -look_ahead 1 -bf 16 -refs 9 -min_qp_i 24 -min_qp_p 27 -min_qp_b 25",12.773646593093872,"00:00:12",0.5770932244789232,9.395907357018107,0.977746,0.994418,73.415584,95.700976
169,"h264_qsv","h264_qsv_LA-ICQ","veryslow",4,"-hwaccel qsv -c:v mpeg2_qsv","videos/dist/h264_qsv_min_qp/960c8292582f",108452.884765625,7228.9873046875,"-global_quality 25 -look_ahead 1 -bf 16 -refs 9 -min_qp_i 24 -min_qp_p 27 -min_qp_b 26",12.771744012832642,"00:00:12",0.5770932244789232,9.397307045882513,0.977746,0.994418,73.415584,95.700976
170,"h264_qsv","h264_qsv_LA-ICQ","veryslow",4,"-hwaccel qsv -c:v mpeg2_qsv","videos/dist/h264_qsv_min_qp/0b56d7e047ff",108452.884765625,7228.9873046875,"-global_quality 25 -look_ahead 1 -bf 16 -refs 9 -min_qp_i 24 -min_qp_p 27 -min_qp_b 27",12.781154870986938,"00:00:12",0.5770932244789232,9.390387739721698,0.977746,0.994418,73.415584,95.700976
171,"h264_qsv","h264_qsv_LA-ICQ","veryslow",4,"-hwaccel qsv -c:v mpeg2_qsv","videos/dist/h264_qsv_min_qp/0251b3458a21",108452.884765625,7228.9873046875,"-global_quality 25 -look_ahead 1 -bf 16 -refs 9 -min_qp_i 24 -min_qp_p 27 -min_qp_b 28",12.766358137130737,"00:00:12",0.5770932244789232,9.401271585114305,0.977746,0.994418,73.415584,95.700976
172,"h264_qsv","h264_qsv_LA-ICQ","veryslow",4,"-hwaccel qsv -c:v mpeg2_qsv","videos/dist/h264_qsv_min_qp/b26b5701b0f4",108452.884765625,7228.9873046875,"-global_quality 25 -look_ahead 1 -bf 16 -refs 9 -min_qp_i 24 -min_qp_p 27 -min_qp_b 29",12.76476788520813,"00:00:12",0.5770932244789232,9.402442808151624,0.977746,0.994418,73.415584,95.700976
173,"h264_qsv","h264_qsv_LA-ICQ","veryslow",4,"-hwaccel qsv -c:v mpeg2_qsv","videos/dist/h264_qsv_min_qp/92c1d99849ec",108452.884765625,7228.9873046875,"-global_quality 25 -look_ahead 1 -bf 16 -refs 9 -min_qp_i 24 -min_qp_p 27 -min_qp_b 30",12.766833305358887,"00:00:12",0.5770932244789232,9.400921679585299,0.977746,0.994418,73.415584,95.700976
174,"h264_qsv","h264_qsv_LA-ICQ","veryslow",4,"-hwaccel qsv -c:v mpeg2_qsv","videos/dist/h264_qsv_min_qp/0e4d5ac996f7",108452.884765625,7228.9873046875,"-global_quality 25 -look_ahead 1 -bf 16 -refs 9 -min_qp_i 24 -min_qp_p 27 -min_qp_b 31",12.766895294189453,"00:00:12",0.5770932244789232,9.400876034020913,0.977746,0.994418,73.415584,95.700976
175,"h264_qsv","h264_qsv_LA-ICQ","veryslow",4,"-hwaccel qsv -c:v mpeg2_qsv","videos/dist/h264_qsv_min_qp/f2e0ebabd668",108452.884765625,7228.9873046875,"-global_quality 25 -look_ahead 1 -bf 16 -refs 9 -min_qp_i 24 -min_qp_p 27 -min_qp_b 32",12.773458003997803,"00:00:12",0.5770932244789232,9.396046079490493,0.977746,0.994418,73.415584,95.700976
176,"h264_qsv","h264_qsv_LA-ICQ","veryslow",4,"-hwaccel qsv -c:v mpeg2_qsv","videos/dist/h264_qsv_min_qp/c881bcdf8fd4",108452.884765625,7228.9873046875,"-global_quality 25 -look_ahead 1 -bf 16 -refs 9 -min_qp_i 24 -min_qp_p 27 -min_qp_b 33",12.780080795288086,"00:00:12",0.5770932244789232,9.391176935614554,0.977746,0.994418,73.415584,95.700976
177,"h264_qsv","h264_qsv_LA-ICQ","veryslow",4,"-hwaccel qsv -c:v mpeg2_qsv","videos/dist/h264_qsv_min_qp/b8e665cbf770",108452.884765625,7228.9873046875,"-global_quality 25 -look_ahead 1 -bf 16 -refs 9 -min_qp_i 24 -min_qp_p 28 -min_qp_b 23",12.774272680282593,"00:00:12",0.5770932244789232,9.395446848825596,0.977746,0.994418,73.415584,95.700976
178,"h264_qsv","h264_qsv_LA-ICQ","veryslow",4,"-hwaccel qsv -c:v mpeg2_qsv","videos/dist/h264_qsv_min_qp/30c1d9700f07",108452.884765625,7228.9873046875,"-global_quality 25 -look_ahead 1 -bf 16 -refs 9 -min_qp_i 24 -min_qp_p 28 -min_qp_b 24",12.78206729888916,"00:00:12",0.5770932244789232,9.389717421565326,0.977746,0.994418,73.415584,95.700976
179,"h264_qsv","h264_qsv_LA-ICQ","veryslow",4,"-hwaccel qsv -c:v mpeg2_qsv","videos/dist/h264_qsv_min_qp/97647fe30f66",108452.884765625,7228.9873046875,"-global_quality 25 -look_ahead 1 -bf 16 -refs 9 -min_qp_i 24 -min_qp_p 28 -min_qp_b 25",12.774684190750122,"00:00:12",0.5770932244789232,9.395144193615677,0.977746,0.994418,73.415584,95.700976
180,"h264_qsv","h264_qsv_LA-ICQ","veryslow",4,"-hwaccel qsv -c:v mpeg2_qsv","videos/dist/h264_qsv_min_qp/eb9c88ae6157",108452.884765625,7228.9873046875,"-global_quality 25 -look_ahead 1 -bf 16 -refs 9 -min_qp_i 24 -min_qp_p 28 -min_qp_b 26",12.779330968856812,"00:00:12",0.5770932244789232,9.391727962323564,0.977746,0.994418,73.415584,95.700976
181,"h264_qsv","h264_qsv_LA-ICQ","veryslow",4,"-hwaccel qsv -c:v mpeg2_qsv","videos/dist/h264_qsv_min_qp/e6cd4ef317cf",108452.884765625,7228.9873046875,"-global_quality 25 -look_ahead 1 -bf 16 -refs 9 -min_qp_i 24 -min_qp_p 28 -min_qp_b 27",12.777770042419434,"00:00:12",0.5770932244789232,9.392875251437422,0.977746,0.994418,73.415584,95.700976
182,"h264_qsv","h264_qsv_LA-ICQ","veryslow",4,"-hwaccel qsv -c:v mpeg2_qsv","videos/dist/h264_qsv_min_qp/c11cd1cd7e4b",108452.884765625,7228.9873046875,"-global_quality 25 -look_ahead 1 -bf 16 -refs 9 -min_qp_i 24 -min_qp_p 28 -min_qp_b 28",12.778074264526367,"00:00:12",0.5770932244789232,9.392651624602893,0.977746,0.994418,73.415584,95.700976
183,"h264_qsv","h264_qsv_LA-ICQ","veryslow",4,"-hwaccel qsv -c:v mpeg2_qsv","videos/dist/h264_qsv_min_qp/26b0e6e6b304",108452.884765625,7228.9873046875,"-global_quality 25 -look_ahead 1 -bf 16 -refs 9 -min_qp_i 24 -min_qp_p 28 -min_qp_b 29",12.783157110214233,"00:00:12",0.5770932244789232,9.388916913498576,0.977746,0.994418,73.415584,95.700976
184,"h264_qsv","h264_qsv_LA-ICQ","veryslow",4,"-hwaccel qsv -c:v mpeg2_qsv","videos/dist/h264_qsv_min_qp/9425b3964458",108452.884765625,7228.9873046875,"-global_quality 25 -look_ahead 1 -bf 16 -refs 9 -min_qp_i 24 -min_qp_p 28 -min_qp_b 30",12.777181386947632,"00:00:12",0.5770932244789232,9.393307989084738,0.977746,0.994418,73.415584,95.700976
185,"h264_qsv","h264_qsv_LA-ICQ","veryslow",4,"-hwaccel qsv -c:v mpeg2_qsv","videos/dist/h264_qsv_min_qp/b4c7be52f33b",108452.884765625,7228.9873046875,"-global_quality 25 -look_ahead 1 -bf 16 -refs 9 -min_qp_i 24 -min_qp_p 28 -min_qp_b 31",12.780170440673828,"00:00:12",0.5770932244789232,9.391111062026807,0.977746,0.994418,73.415584,95.700976
186,"h264_qsv","h264_qsv_LA-ICQ","veryslow",4,"-hwaccel qsv -c:v mpeg2_qsv","videos/dist/h264_qsv_min_qp/0112046a7cac",108452.884765625,7228.9873046875,"-global_quality 25 -look_ahead 1 -bf 16 -refs 9 -min_qp_i 24 -min_qp_p 28 -min_qp_b 32",12.771665096282959,"00:00:12",0.5770932244789232,9.397365112159916,0.977746,0.994418,73.415584,95.700976
187,"h264_qsv","h264_qsv_LA-ICQ","veryslow",4,"-hwaccel qsv -c:v mpeg2_qsv","videos/dist/h264_qsv_min_qp/5c0b73dede1d",108452.884765625,7228.9873046875,"-global_quality 25 -look_ahead 1 -bf 16 -refs 9 -min_qp_i 24 -min_qp_p 28 -min_qp_b 33",12.789077281951904,"00:00:12",0.5770932244789232,9.38457070467262,0.977746,0.994418,73.415584,95.700976
188,"h264_qsv","h264_qsv_LA-ICQ","veryslow",4,"-hwaccel qsv -c:v mpeg2_qsv","videos/dist/h264_qsv_min_qp/76e086d86040",108452.884765625,7228.9873046875,"-global_quality 25 -look_ahead 1 -bf 16 -refs 9 -min_qp_i 24 -min_qp_p 29 -min_qp_b 23",12.777226686477661,"00:00:12",0.5770932244789232,9.393274686675086,0.977746,0.994418,73.415584,95.700976
189,"h264_qsv","h264_qsv_LA-ICQ","veryslow",4,"-hwaccel qsv -c:v mpeg2_qsv","videos/dist/h264_qsv_min_qp/ca7d243b2f46",108452.884765625,7228.9873046875,"-global_quality 25 -look_ahead 1 -bf 16 -refs 9 -min_qp_i 24 -min_qp_p 29 -min_qp_b 24",12.786415576934814,"00:00:12",0.5770932244789232,9.386524259113079,0.977746,0.994418,73.415584,95.700976
190,"h264_qsv","h264_qsv_LA-ICQ","veryslow",4,"-hwaccel qsv -c:v mpeg2_qsv","videos/dist/h264_qsv_min_qp/5074201f9b7e",108452.884765625,7228.9873046875,"-global_quality 25 -look_ahead 1 -bf 16 -refs 9 -min_qp_i 24 -min_qp_p 29 -min_qp_b 25",12.786223411560059,"00:00:12",0.5770932244789232,9.386665330084066,0.977746,0.994418,73.415584,95.700976
191,"h264_qsv","h264_qsv_LA-ICQ","veryslow",4,"-hwaccel qsv -c:v mpeg2_qsv","videos/dist/h264_qsv_min_qp/a1b1329bb8b9",108452.884765625,7228.9873046875,"-global_quality 25 -look_ahead 1 -bf 16 -refs 9 -min_qp_i 24 -min_qp_p 29 -min_qp_b 26",12.781889200210571,"00:00:12",0.5770932244789232,9.389848254827836,0.977746,0.994418,73.415584,95.700976
192,"h264_qsv","h264_qsv_LA-ICQ","veryslow",4,"-hwaccel qsv -c:v mpeg2_qsv","videos/dist/h264_qsv_min_qp/2dec4c5bc44e",108452.884765625,7228.9873046875,"-global_quality 25 -look_ahead 1 -bf 16 -refs 9 -min_qp_i 24 -min_qp_p 29 -min_qp_b 27",12.777576208114624,"00:00:12",0.5770932244789232,9.393017740233018,0.977746,0.994418,73.415584,95.700976
193,"h264_qsv","h264_qsv_LA-ICQ","veryslow",4,"-hwaccel qsv -c:v mpeg2_qsv","videos/dist/h264_qsv_min_qp/313679c40a8d",108452.884765625,7228.9873046875,"-global_quality 25 -look_ahead 1 -bf 16 -refs 9 -min_qp_i 24 -min_qp_p 29 -min_qp_b 28",12.779036045074463,"00:00:12",0.5770932244789232,9.391944711374405,0.977746,0.994418,73.415584,95.700976
194,"h264_qsv","h264_qsv_LA-ICQ","veryslow",4,"-hwaccel qsv -c:v mpeg2_qsv","videos/dist/h264_qsv_min_qp/512021f6e641",108452.884765625,7228.9873046875,"-global_quality 25 -look_ahead 1 -bf 16 -refs 9 -min_qp_i 24 -min_qp_p 29 -min_qp_b 29",12.790307998657227,"00:00:12",0.5770932244789232,9.383667696868608,0.977746,0.994418,73.415584,95.700976
195,"h264_qsv","h264_qsv_LA-ICQ","veryslow",4,"-hwaccel qsv -c:v mpeg2_qsv","videos/dist/h264_qsv_min_qp/a60c0e8a88c4",108452.884765625,7228.9873046875,"-global_quality 25 -look_ahead 1 -bf 16 -refs 9 -min_qp_i 24 -min_qp_p 29 -min_qp_b 30",12.772565841674805,"00:00:12",0.5770932244789232,9.396702392278478,0.977746,0.994418,73.415584,95.700976
196,"h264_qsv","h264_qsv_LA-ICQ","veryslow",4,"-hwaccel qsv -c:v mpeg2_qsv","videos/dist/h264_qsv_min_qp/4c89d2766bf1",108452.884765625,7228.9873046875,"-global_quality 25 -look_ahead 1 -bf 16 -refs 9 -min_qp_i 24 -min_qp_p 29 -min_qp_b 31",12.76592469215393,"00:00:12",0.5770932244789232,9.401590789092273,0.977746,0.994418,73.415584,95.700976
197,"h264_qsv","h264_qsv_LA-ICQ","veryslow",4,"-hwaccel qsv -c:v mpeg2_qsv","videos/dist/h264_qsv_min_qp/ccb1c48f45c7",108452.884765625,7228.9873046875,"-global_quality 25 -look_ahead 1 -bf 16 -refs 9 -min_qp_i 24 -min_qp_p 29 -min_qp_b 32",12.776975870132446,"00:00:12",0.5770932244789232,9.393459079824956,0.977746,0.994418,73.415584,95.700976
198,"h264_qsv","h264_qsv_LA-ICQ","veryslow",4,"-hwaccel qsv -c:v mpeg2_qsv","videos/dist/h264_qsv_min_qp/0b51172bae52",108452.884765625,7228.9873046875,"-global_quality 25 -look_ahead 1 -bf 16 -refs 9 -min_qp_i 24 -min_qp_p 29 -min_qp_b 33",12.77176570892334,"00:00:12",0.5770932244789232,9.397291082167659,0.977746,0.994418,73.415584,95.700976
199,"h264_qsv","h264_qsv_LA-ICQ","veryslow",4,"-hwaccel qsv -c:v mpeg2_qsv","videos/dist/h264_qsv_min_qp/5bb7bb1151e6",108452.884765625,7228.9873046875,"-global_quality 25 -look_ahead 1 -bf 16 -refs 9 -min_qp_i 24 -min_qp_p 30 -min_qp_b 23",12.784009218215942,"00:00:12",0.5770932244789232,9.388291102683455,0.977746,0.994418,73.415584,95.700976
200,"h264_qsv","h264_qsv_LA-ICQ","veryslow",4,"-hwaccel qsv -c:v mpeg2_qsv","videos/dist/h264_qsv_min_qp/1f35d3450c92",108452.884765625,7228.9873046875,"-global_quality 25 -look_ahead 1 -bf 16 -refs 9 -min_qp_i 24 -min_qp_p 30 -min_qp_b 24",12.782098054885864,"00:00:12",0.5770932244789232,9.389694828238563,0.977746,0.994418,73.415584,95.700976
201,"h264_qsv","h264_qsv_LA-ICQ","veryslow",4,"-hwaccel qsv -c:v mpeg2_qsv","videos/dist/h264_qsv_min_qp/9c0d9eaa80ab",108452.884765625,7228.9873046875,"-global_quality 25 -look_ahead 1 -bf 16 -refs 9 -min_qp_i 24 -min_qp_p 30 -min_qp_b 25",12.786977291107178,"00:00:12",0.5770932244789232,9.386111922124787,0.977746,0.994418,73.415584,95.700976
202,"h264_qsv","h264_qsv_LA-ICQ","veryslow",4,"-hwaccel qsv -c:v mpeg2_qsv","videos/dist/h264_qsv_min_qp/5bd3bcc7b55f",108452.884765625,7228.9873046875,"-global_quality 25 -look_ahead 1 -bf 16 -refs 9 -min_qp_i 24 -min_qp_p 30 -min_qp_b 26",12.772253274917603,"00:00:12",0.5770932244789232,9.396932351451062,0.977746,0.994418,73.415584,95.700976
203,"h264_qsv","h264_qsv_LA-ICQ","veryslow",4,"-hwaccel qsv -c:v mpeg2_qsv","videos/dist/h264_qsv_min_qp/1b8186f515f9",108452.884765625,7228.9873046875,"-global_quality 25 -look_ahead 1 -bf 16 -refs 9 -min_qp_i 24 -min_qp_p 30 -min_qp_b 27",12.774842262268066,"00:00:12",0.5770932244789232,9.39502794132281,0.977746,0.994418,73.415584,95.700976
204,"h264_qsv","h264_qsv_LA-ICQ","veryslow",4,"-hwaccel qsv -c:v mpeg2_qsv","videos/dist/h264_qsv_min_qp/e5d1d5cab433",108452.884765625,7228.9873046875,"-global_quality 25 -look_ahead 1 -bf 16 -refs 9 -min_qp_i 24 -min_qp_p 30 -min_qp_b 28",12.763423681259155,"00:00:12",0.5770932244789232,9.403433044084267,0.977746,0.994418,73.415584,95.700976
205,"h264_qsv","h264_qsv_LA-ICQ","veryslow",4,"-hwaccel qsv -c:v mpeg2_qsv","videos/dist/h264_qsv_min_qp/2daba27ac9a4",108452.884765625,7228.9873046875,"-global_quality 25 -look_ahead 1 -bf 16 -refs 9 -min_qp_i 24 -min_qp_p 30 -min_qp_b 29",12.758848905563354,"00:00:12",0.5770932244789232,9.406804711643431,0.977746,0.994418,73.415584,95.700976
206,"h264_qsv","h264_qsv_LA-ICQ","veryslow",4,"-hwaccel qsv -c:v mpeg2_qsv","videos/dist/h264_qsv_min_qp/b6307a294631",108452.884765625,7228.9873046875,"-global_quality 25 -look_ahead 1 -bf 16 -refs 9 -min_qp_i 24 -min_qp_p 30 -min_qp_b 30",12.76217246055603,"00:00:12",0.5770932244789232,9.404354969418026,0.977746,0.994418,73.415584,95.700976
207,"h264_qsv","h264_qsv_LA-ICQ","veryslow",4,"-hwaccel qsv -c:v mpeg2_qsv","videos/dist/h264_qsv_min_qp/58aed0e3b134",108452.884765625,7228.9873046875,"-global_quality 25 -look_ahead 1 -bf 16 -refs 9 -min_qp_i 24 -min_qp_p 30 -min_qp_b 31",12.768086671829224,"00:00:12",0.5770932244789232,9.399998847501973,0.977746,0.994418,73.415584,95.700976
208,"h264_qsv","h264_qsv_LA-ICQ","veryslow",4,"-hwaccel qsv -c:v mpeg2_qsv","videos/dist/h264_qsv_min_qp/465eb7e03254",108452.884765625,7228.9873046875,"-global_quality 25 -look_ahead 1 -bf 16 -refs 9 -min_qp_i 24 -min_qp_p 30 -min_qp_b 32",12.762352228164673,"00:00:12",0.5770932244789232,9.404222501799719,0.977746,0.994418,73.415584,95.700976
209,"h264_qsv","h264_qsv_LA-ICQ","veryslow",4,"-hwaccel qsv -c:v mpeg2_qsv","videos/dist/h264_qsv_min_qp/5cadab4f47c7",108452.884765625,7228.9873046875,"-global_quality 25 -look_ahead 1 -bf 16 -refs 9 -min_qp_i 24 -min_qp_p 30 -min_qp_b 33",12.769264459609985,"00:00:12",0.5770932244789232,9.399131827806611,0.977746,0.994418,73.415584,95.700976
210,"h264_qsv","h264_qsv_LA-ICQ","veryslow",4,"-hwaccel qsv -c:v mpeg2_qsv","videos/dist/h264_qsv_min_qp/f48f492af584",108452.884765625,7228.9873046875,"-global_quality 25 -look_ahead 1 -bf 16 -refs 9 -min_qp_i 24 -min_qp_p 31 -min_qp_b 23",12.756754159927368,"00:00:12",0.5770932244789232,9.408349372837906,0.977746,0.994418,73.415584,95.700976
211,"h264_qsv","h264_qsv_LA-ICQ","veryslow",4,"-hwaccel qsv -c:v mpeg2_qsv","videos/dist/h264_qsv_min_qp/98d91e0493d5",108452.884765625,7228.9873046875,"-global_quality 25 -look_ahead 1 -bf 16 -refs 9 -min_qp_i 24 -min_qp_p 31 -min_qp_b 24",12.764835596084595,"00:00:12",0.5770932244789232,9.402392933036612,0.977746,0.994418,73.415584,95.700976
212,"h264_qsv","h264_qsv_LA-ICQ","veryslow",4,"-hwaccel qsv -c:v mpeg2_qsv","videos/dist/h264_qsv_min_qp/3a4e12580269",108452.884765625,7228.9873046875,"-global_quality 25 -look_ahead 1 -bf 16 -refs 9 -min_qp_i 24 -min_qp_p 31 -min_qp_b 25",12.769182205200195,"00:00:12",0.5770932244789232,9.399192373582261,0.977746,0.994418,73.415584,95.700976
213,"h264_qsv","h264_qsv_LA-ICQ","veryslow",4,"-hwaccel qsv -c:v mpeg2_qsv","videos/dist/h264_qsv_min_qp/a7447ed79fe6",108452.884765625,7228.9873046875,"-global_quality 25 -look_ahead 1 -bf 16 -refs 9 -min_qp_i 24 -min_qp_p 31 -min_qp_b 26",12.771365880966187,"00:00:12",0.5770932244789232,9.397585279337418,0.977746,0.994418,73.415584,95.700976
214,"h264_qsv","h264_qsv_LA-ICQ","veryslow",4,"-hwaccel qsv -c:v mpeg2_qsv","videos/dist/h264_qsv_min_qp/3ae51f15124f",108452.884765625,7228.9873046875,"-global_quality 25 -look_ahead 1 -bf 16 -refs 9 -min_qp_i 24 -min_qp_p 31 -min_qp_b 27",12.772216558456421,"00:00:12",0.5770932244789232,9.396959364937745,0.977746,0.994418,73.415584,95.700976
215,"h264_qsv","h264_qsv_LA-ICQ","veryslow",4,"-hwaccel qsv -c:v mpeg2_qsv","videos/dist/h264_qsv_min_qp/f7ddf8447236",108452.884765625,7228.9873046875,"-global_quality 25 -look_ahead 1 -bf 16 -refs 9 -min_qp_i 24 -min_qp_p 31 -min_qp_b 28",12.768796920776367,"00:00:12",0.5770932244789232,9.399475983889527,0.977746,0.994418,73.415584,95.700976
216,"h264_qsv","h264_qsv_LA-ICQ","veryslow",4,"-hwaccel qsv -c:v mpeg2_qsv","videos/dist/h264_qsv_min_qp/e93ea1d3854e",108452.884765625,7228.9873046875,"-global_quality 25 -look_ahead 1 -bf 16 -refs 9 -min_qp_i 24 -min_qp_p 31 -min_qp_b 29",12.771596908569336,"00:00:12",0.5770932244789232,9.397415284808307,0.977746,0.994418,73.415584,95.700976
217,"h264_qsv","h264_qsv_LA-ICQ","veryslow",4,"-hwaccel qsv -c:v mpeg2_qsv","videos/dist/h264_qsv_min_qp/a52cb0956e16",108452.884765625,7228.9873046875,"-global_quality 25 -look_ahead 1 -bf 16 -refs 9 -min_qp_i 24 -min_qp_p 31 -min_qp_b 30",12.770061731338501,"00:00:12",0.5770932244789232,9.398545012939419,0.977746,0.994418,73.415584,95.700976
218,"h264_qsv","h264_qsv_LA-ICQ","veryslow",4,"-hwaccel qsv -c:v mpeg2_qsv","videos/dist/h264_qsv_min_qp/3ef100c9d2c2",108452.884765625,7228.9873046875,"-global_quality 25 -look_ahead 1 -bf 16 -refs 9 -min_qp_i 24 -min_qp_p 31 -min_qp_b 31",12.774874687194824,"00:00:12",0.5770932244789232,9.39500409505423,0.977746,0.994418,73.415584,95.700976
219,"h264_qsv","h264_qsv_LA-ICQ","veryslow",4,"-hwaccel qsv -c:v mpeg2_qsv","videos/dist/h264_qsv_min_qp/3bcabde1f3a3",108452.884765625,7228.9873046875,"-global_quality 25 -look_ahead 1 -bf 16 -refs 9 -min_qp_i 24 -min_qp_p 31 -min_qp_b 32",12.759515523910522,"00:00:12",0.5770932244789232,9.406313255004873,0.977746,0.994418,73.415584,95.700976
220,"h264_qsv","h264_qsv_LA-ICQ","veryslow",4,"-hwaccel qsv -c:v mpeg2_qsv","videos/dist/h264_qsv_min_qp/e025deb6ee4d",108452.884765625,7228.9873046875,"-global_quality 25 -look_ahead 1 -bf 16 -refs 9 -min_qp_i 24 -min_qp_p 31 -min_qp_b 33",12.760858297348022,"00:00:12",0.5770932244789232,9.405323466756363,0.977746,0.994418,73.415584,95.700976
221,"h264_qsv","h264_qsv_LA-ICQ","veryslow",4,"-hwaccel qsv -c:v mpeg2_qsv","videos/dist/h264_qsv_min_qp/beb808171c80",108452.884765625,7228.9873046875,"-global_quality 25 -look_ahead 1 -bf 16 -refs 9 -min_qp_i 24 -min_qp_p 32 -min_qp_b 23",12.760841846466064,"00:00:12",0.5770932244789232,9.405335591807985,0.977746,0.994418,73.415584,95.700976
222,"h264_qsv","h264_qsv_LA-ICQ","veryslow",4,"-hwaccel qsv -c:v mpeg2_qsv","videos/dist/h264_qsv_min_qp/e5087a4e2843",108452.884765625,7228.9873046875,"-global_quality 25 -look_ahead 1 -bf 16 -refs 9 -min_qp_i 24 -min_qp_p 32 -min_qp_b 24",12.761622905731201,"00:00:12",0.5770932244789232,9.404759949935476,0.977746,0.994418,73.415584,95.700976
223,"h264_qsv","h264_qsv_LA-ICQ","veryslow",4,"-hwaccel qsv -c:v mpeg2_qsv","videos/dist/h264_qsv_min_qp/3a01210ede8d",108452.884765625,7228.9873046875,"-global_quality 25 -look_ahead 1 -bf 16 -refs 9 -min_qp_i 24 -min_qp_p 32 -min_qp_b 25",12.762215375900269,"00:00:12",0.5770932244789232,9.404323345509562,0.977746,0.994418,73.415584,95.700976
224,"h264_qsv","h264_qsv_LA-ICQ","veryslow",4,"-hwaccel qsv -c:v mpeg2_qsv","videos/dist/h264_qsv_min_qp/a8c94499ba76",108452.884765625,7228.9873046875,"-global_quality 25 -look_ahead 1 -bf 16 -refs 9 -min_qp_i 24 -min_qp_p 32 -min_qp_b 26",12.767126321792603,"00:00:12",0.5770932244789232,9.400705920417984,0.977746,0.994418,73.415584,95.700976
225,"h264_qsv","h264_qsv_LA-ICQ","veryslow",4,"-hwaccel qsv -c:v mpeg2_qsv","videos/dist/h264_qsv_min_qp/4ac7b775436e",108452.884765625,7228.9873046875,"-global_quality 25 -look_ahead 1 -bf 16 -refs 9 -min_qp_i 24 -min_qp_p 32 -min_qp_b 27",12.772961616516113,"00:00:12",0.5770932244789232,9.396411232051916,0.977746,0.994418,73.415584,95.700976
226,"h264_qsv","h264_qsv_LA-ICQ","veryslow",4,"-hwaccel qsv -c:v mpeg2_qsv","videos/dist/h264_qsv_min_qp/ebdc58c4c82f",108452.884765625,7228.9873046875,"-global_quality 25 -look_ahead 1 -bf 16 -refs 9 -min_qp_i 24 -min_qp_p 32 -min_qp_b 28",12.76761269569397,"00:00:12",0.5770932244789232,9.400347806640326,0.977746,0.994418,73.415584,95.700976
227,"h264_qsv","h264_qsv_LA-ICQ","veryslow",4,"-hwaccel qsv -c:v mpeg2_qsv","videos/dist/h264_qsv_min_qp/58ad6f8e247c",108452.884765625,7228.9873046875,"-global_quality 25 -look_ahead 1 -bf 16 -refs 9 -min_qp_i 24 -min_qp_p 32 -min_qp_b 29",12.764428853988647,"00:00:12",0.5770932244789232,9.402692542917498,0.977746,0.994418,73.415584,95.700976
228,"h264_qsv","h264_qsv_LA-ICQ","veryslow",4,"-hwaccel qsv -c:v mpeg2_qsv","videos/dist/h264_qsv_min_qp/a77a9287a14f",108452.884765625,7228.9873046875,"-global_quality 25 -look_ahead 1 -bf 16 -refs 9 -min_qp_i 24 -min_qp_p 32 -min_qp_b 30",12.762625932693481,"00:00:12",0.5770932244789232,9.404020820868048,0.977746,0.994418,73.415584,95.700976
229,"h264_qsv","h264_qsv_LA-ICQ","veryslow",4,"-hwaccel qsv -c:v mpeg2_qsv","videos/dist/h264_qsv_min_qp/402b0479a56b",108452.884765625,7228.9873046875,"-global_quality 25 -look_ahead 1 -bf 16 -refs 9 -min_qp_i 24 -min_qp_p 32 -min_qp_b 31",12.762977838516235,"00:00:12",0.5770932244789232,9.403761529523502,0.977746,0.994418,73.415584,95.700976
230,"h264_qsv","h264_qsv_LA-ICQ","veryslow",4,"-hwaccel qsv -c:v mpeg2_qsv","videos/dist/h264_qsv_min_qp/0b1ec9305f4d",108452.884765625,7228.9873046875,"-global_quality 25 -look_ahead 1 -bf 16 -refs 9 -min_qp_i 24 -min_qp_p 32 -min_qp_b 32",12.767512559890747,"00:00:12",0.5770932244789232,9.40042153371706,0.977746,0.994418,73.415584,95.700976
231,"h264_qsv","h264_qsv_LA-ICQ","veryslow",4,"-hwaccel qsv -c:v mpeg2_qsv","videos/dist/h264_qsv_min_qp/c40d50ae361a",108452.884765625,7228.9873046875,"-global_quality 25 -look_ahead 1 -bf 16 -refs 9 -min_qp_i 24 -min_qp_p 32 -min_qp_b 33",12.764699459075928,"00:00:12",0.5770932244789232,9.402493210653985,0.977746,0.994418,73.415584,95.700976
232,"h264_qsv","h264_qsv_LA-ICQ","veryslow",4,"-hwaccel qsv -c:v mpeg2_qsv","videos/dist/h264_qsv_min_qp/318228133df1",108452.884765625,7228.9873046875,"-global_quality 25 -look_ahead 1 -bf 16 -refs 9 -min_qp_i 24 -min_qp_p 33 -min_qp_b 23",12.766785860061646,"00:00:12",0.5770932244789232,9.400956616297508,0.977746,0.994418,73.415584,95.700976
233,"h264_qsv","h264_qsv_LA-ICQ","veryslow",4,"-hwaccel qsv -c:v mpeg2_qsv","videos/dist/h264_qsv_min_qp/758244c212e3",108452.884765625,7228.9873046875,"-global_quality 25 -look_ahead 1 -bf 16 -refs 9 -min_qp_i 24 -min_qp_p 33 -min_qp_b 24",12.763280153274536,"00:00:12",0.5770932244789232,9.403538789298437,0.977746,0.994418,73.415584,95.700976
234,"h264_qsv","h264_qsv_LA-ICQ","veryslow",4,"-hwaccel qsv -c:v mpeg2_qsv","videos/dist/h264_qsv_min_qp/ba08e7ee95a9",108452.884765625,7228.9873046875,"-global_quality 25 -look_ahead 1 -bf 16 -refs 9 -min_qp_i 24 -min_qp_p 33 -min_qp_b 25",12.76516079902649,"00:00:12",0.5770932244789232,9.402153399364392,0.977746,0.994418,73.415584,95.700976
235,"h264_qsv","h264_qsv_LA-ICQ","veryslow",4,"-hwaccel qsv -c:v mpeg2_qsv","videos/dist/h264_qsv_min_qp/3a34d90f73fe",108452.884765625,7228.9873046875,"-global_quality 25 -look_ahead 1 -bf 16 -refs 9 -min_qp_i 24 -min_qp_p 33 -min_qp_b 26",12.760872602462769,"00:00:12",0.5770932244789232,9.405312923258625,0.977746,0.994418,73.415584,95.700976
236,"h264_qsv","h264_qsv_LA-ICQ","veryslow",4,"-hwaccel qsv -c:v mpeg2_qsv","videos/dist/h264_qsv_min_qp/e0df4a859f56",108452.884765625,7228.9873046875,"-global_quality 25 -look_ahead 1 -bf 16 -refs 9 -min_qp_i 24 -min_qp_p 33 -min_qp_b 27",12.760524988174438,"00:00:12",0.5770932244789232,9.405569136945864,0.977746,0.994418,73.415584,95.700976
237,"h264_qsv","h264_qsv_LA-ICQ","veryslow",4,"-hwaccel qsv -c:v mpeg2_qsv","videos/dist/h264_qsv_min_qp/21a0e559eda2",108452.884765625,7228.9873046875,"-global_quality 25 -look_ahead 1 -bf 16 -refs 9 -min_qp_i 24 -min_qp_p 33 -min_qp_b 28",12.764864683151245,"00:00:12",0.5770932244789232,9.402371507973621,0.977746,0.994418,73.415584,95.700976
238,"h264_qsv","h264_qsv_LA-ICQ","veryslow",4,"-hwaccel qsv -c:v mpeg2_qsv","videos/dist/h264_qsv_min_qp/6b00a2e36b38",108452.884765625,7228.9873046875,"-global_quality 25 -look_ahead 1 -bf 16 -refs 9 -min_qp_i 24 -min_qp_p 33 -min_qp_b 29",12.760129928588867,"00:00:12",0.5770932244789232,9.405860337761695,0.977746,0.994418,73.415584,95.700976
239,"h264_qsv","h264_qsv_LA-ICQ","veryslow",4,"-hwaccel qsv -c:v mpeg2_qsv","videos/dist/h264_qsv_min_qp/2a4c023b515c",108452.884765625,7228.9873046875,"-global_quality 25 -look_ahead 1 -bf 16 -refs 9 -min_qp_i 24 -min_qp_p 33 -min_qp_b 30",12.76588225364685,"00:00:12",0.5770932244789232,9.401622043452084,0.977746,0.994418,73.415584,95.700976
240,"h264_qsv","h264_qsv_LA-ICQ","veryslow",4,"-hwaccel qsv -c:v mpeg2_qsv","videos/dist/h264_qsv_min_qp/7bf96bc29803",108452.884765625,7228.9873046875,"-global_quality 25 -look_ahead 1 -bf 16 -refs 9 -min_qp_i 24 -min_qp_p 33 -min_qp_b 31",12.765199661254883,"00:00:12",0.5770932244789232,9.402124775555718,0.977746,0.994418,73.415584,95.700976
241,"h264_qsv","h264_qsv_LA-ICQ","veryslow",4,"-hwaccel qsv -c:v mpeg2_qsv","videos/dist/h264_qsv_min_qp/5369498f5765",108452.884765625,7228.9873046875,"-global_quality 25 -look_ahead 1 -bf 16 -refs 9 -min_qp_i 24 -min_qp_p 33 -min_qp_b 32",12.764221668243408,"00:00:12",0.5770932244789232,9.402845165138608,0.977746,0.994418,73.415584,95.700976
242,"h264_qsv","h264_qsv_LA-ICQ","veryslow",4,"-hwaccel qsv -c:v mpeg2_qsv","videos/dist/h264_qsv_min_qp/906d231c11e1",108452.884765625,7228.9873046875,"-global_quality 25 -look_ahead 1 -bf 16 -refs 9 -min_qp_i 24 -min_qp_p 33 -min_qp_b 33",12.766801595687866,"00:00:12",0.5770932244789232,9.400945029218448,0.977746,0.994418,73.415584,95.700976
243,"h264_qsv","h264_qsv_LA-ICQ","veryslow",4,"-hwaccel qsv -c:v mpeg2_qsv","videos/dist/h264_qsv_min_qp/ac6c9dd4b360",108438.34765625,7228.017578125,"-global_quality 25 -look_ahead 1 -bf 16 -refs 9 -min_qp_i 25 -min_qp_p 23 -min_qp_b 23",12.761474609375,"00:00:12",0.5771499112334015,9.404869239157467,0.977746,0.994416,73.415584,95.699325
244,"h264_qsv","h264_qsv_LA-ICQ","veryslow",4,"-hwaccel qsv -c:v mpeg2_qsv","videos/dist/h264_qsv_min_qp/1132bce33102",108438.34765625,7228.017578125,"-global_quality 25 -look_ahead 1 -bf 16 -refs 9 -min_qp_i 25 -min_qp_p 23 -min_qp_b 24",12.767470121383667,"00:00:12",0.5771499112334015,9.400452780303269,0.977746,0.994416,73.415584,95.699325
245,"h264_qsv","h264_qsv_LA-ICQ","veryslow",4,"-hwaccel qsv -c:v mpeg2_qsv","videos/dist/h264_qsv_min_qp/754101a94a85",108438.34765625,7228.017578125,"-global_quality 25 -look_ahead 1 -bf 16 -refs 9 -min_qp_i 25 -min_qp_p 23 -min_qp_b 25",12.765051364898682,"00:00:12",0.5771499112334015,9.40223400354117,0.977746,0.994416,73.415584,95.699325
246,"h264_qsv","h264_qsv_LA-ICQ","veryslow",4,"-hwaccel qsv -c:v mpeg2_qsv","videos/dist/h264_qsv_min_qp/4672983e9f24",108438.34765625,7228.017578125,"-global_quality 25 -look_ahead 1 -bf 16 -refs 9 -min_qp_i 25 -min_qp_p 23 -min_qp_b 26",12.770143985748291,"00:00:12",0.5771499112334015,9.398484475503523,0.977746,0.994416,73.415584,95.699325
247,"h264_qsv","h264_qsv_LA-ICQ","veryslow",4,"-hwaccel qsv -c:v mpeg2_qsv","videos/dist/h264_qsv_min_qp/df45cee9cab2",108438.34765625,7228.017578125,"-global_quality 25 -look_ahead 1 -bf 16 -refs 9 -min_qp_i 25 -min_qp_p 23 -min_qp_b 27",12.762024641036987,"00:00:12",0.5771499112334015,9.404463897841815,0.977746,0.994416,73.415584,95.699325
248,"h264_qsv","h264_qsv_LA-ICQ","veryslow",4,"-hwaccel qsv -c:v mpeg2_qsv","videos/dist/h264_qsv_min_qp/194201212c7b",108438.34765625,7228.017578125,"-global_quality 25 -look_ahead 1 -bf 16 -refs 9 -min_qp_i 25 -min_qp_p 23 -min_qp_b 28",12.760356903076172,"00:00:12",0.5771499112334015,9.405693031287116,0.977746,0.994416,73.415584,95.699325
249,"h264_qsv","h264_qsv_LA-ICQ","veryslow",4,"-hwaccel qsv -c:v mpeg2_qsv","videos/dist/h264_qsv_min_qp/fa4d2da145b4",108438.34765625,7228.017578125,"-global_quality 25 -look_ahead 1 -bf 16 -refs 9 -min_qp_i 25 -min_qp_p 23 -min_qp_b 29",12.764462947845459,"00:00:12",0.5771499112334015,9.40266742834319,0.977746,0.994416,73.415584,95.699325
250,"h264_qsv","h264_qsv_LA-ICQ","veryslow",4,"-hwaccel qsv -c:v mpeg2_qsv","videos/dist/h264_qsv_min_qp/c4b4e9eb60dd",108438.34765625,7228.017578125,"-global_quality 25 -look_ahead 1 -bf 16 -refs 9 -min_qp_i 25 -min_qp_p 23 -min_qp_b 30",12.760452032089233,"00:00:12",0.5771499112334015,9.405622911961173,0.977746,0.994416,73.415584,95.699325
251,"h264_qsv","h264_qsv_LA-ICQ","veryslow",4,"-hwaccel qsv -c:v mpeg2_qsv","videos/dist/h264_qsv_min_qp/ee9cdba00763",108438.34765625,7228.017578125,"-global_quality 25 -look_ahead 1 -bf 16 -refs 9 -min_qp_i 25 -min_qp_p 23 -min_qp_b 31",12.760431289672852,"00:00:12",0.5771499112334015,9.405638201048378,0.977746,0.994416,73.415584,95.699325
252,"h264_qsv","h264_qsv_LA-ICQ","veryslow",4,"-hwaccel qsv -c:v mpeg2_qsv","videos/dist/h264_qsv_min_qp/d3b429cc9634",108438.34765625,7228.017578125,"-global_quality 25 -look_ahead 1 -bf 16 -refs 9 -min_qp_i 25 -min_qp_p 23 -min_qp_b 32",12.758688926696777,"00:00:12",0.5771499112334015,9.406922661846977,0.977746,0.994416,73.415584,95.699325
253,"h264_qsv","h264_qsv_LA-ICQ","veryslow",4,"-hwaccel qsv -c:v mpeg2_qsv","videos/dist/h264_qsv_min_qp/a988d307c0a7",108438.34765625,7228.017578125,"-global_quality 25 -look_ahead 1 -bf 16 -refs 9 -min_qp_i 25 -min_qp_p 23 -min_qp_b 33",12.758253574371338,"00:00:12",0.5771499112334015,9.407243656067086,0.977746,0.994416,73.415584,95.699325
254,"h264_qsv","h264_qsv_LA-ICQ","veryslow",4,"-hwaccel qsv -c:v mpeg2_qsv","videos/dist/h264_qsv_min_qp/b1cf93249bce",108438.34765625,7228.017578125,"-global_quality 25 -look_ahead 1 -bf 16 -refs 9 -min_qp_i 25 -min_qp_p 24 -min_qp_b 23",12.75425672531128,"00:00:12",0.5771499112334015,9.410191639142406,0.977746,0.994416,73.415584,95.699325
255,"h264_qsv","h264_qsv_LA-ICQ","veryslow",4,"-hwaccel qsv -c:v mpeg2_qsv","videos/dist/h264_qsv_min_qp/8163e0dd3680",108438.34765625,7228.017578125,"-global_quality 25 -look_ahead 1 -bf 16 -refs 9 -min_qp_i 25 -min_qp_p 24 -min_qp_b 24",12.753989934921265,"00:00:12",0.5771499112334015,9.410388483322958,0.977746,0.994416,73.415584,95.699325
256,"h264_qsv","h264_qsv_LA-ICQ","veryslow",4,"-hwaccel qsv -c:v mpeg2_qsv","videos/dist/h264_qsv_min_qp/a2402afd773a",108438.34765625,7228.017578125,"-global_quality 25 -look_ahead 1 -bf 16 -refs 9 -min_qp_i 25 -min_qp_p 24 -min_qp_b 25",12.756420373916626,"00:00:12",0.5771499112334015,9.408595552825142,0.977746,0.994416,73.415584,95.699325
257,"h264_qsv","h264_qsv_LA-ICQ","veryslow",4,"-hwaccel qsv -c:v mpeg2_qsv","videos/dist/h264_qsv_min_qp/f34e624dc5f4",108438.34765625,7228.017578125,"-global_quality 25 -look_ahead 1 -bf 16 -refs 9 -min_qp_i 25 -min_qp_p 24 -min_qp_b 26",12.76469898223877,"00:00:12",0.5771499112334015,9.40249356189283,0.977746,0.994416,73.415584,95.699325
258,"h264_qsv","h264_qsv_LA-ICQ","veryslow",4,"-hwaccel qsv -c:v mpeg2_qsv","videos/dist/h264_qsv_min_qp/c22c87518841",108438.34765625,7228.017578125,"-global_quality 25 -look_ahead 1 -bf 16 -refs 9 -min_qp_i 25 -min_qp_p 24 -min_qp_b 27",12.763597249984741,"00:00:12",0.5771499112334015,9.40330516932783,0.977746,0.994416,73.415584,95.699325
259,"h264_qsv","h264_qsv_LA-ICQ","veryslow",4,"-hwaccel qsv -c:v mpeg2_qsv","videos/dist/h264_qsv_min_qp/e94d5bb4e90b",108438.34765625,7228.017578125,"-global_quality 25 -look_ahead 1 -bf 16 -refs 9 -min_qp_i 25 -min_qp_p 24 -min_qp_b 28",12.776264429092407,"00:00:12",0.5771499112334015,9.393982150737774,0.977746,0.994416,73.415584,95.699325
260,"h264_qsv","h264_qsv_LA-ICQ","veryslow",4,"-hwaccel qsv -c:v mpeg2_qsv","videos/dist/h264_qsv_min_qp/5863285486f7",108438.34765625,7228.017578125,"-global_quality 25 -look_ahead 1 -bf 16 -refs 9 -min_qp_i 25 -min_qp_p 24 -min_qp_b 29",12.761761665344238,"00:00:12",0.5771499112334015,9.404657691259473,0.977746,0.994416,73.415584,95.699325
261,"h264_qsv","h264_qsv_LA-ICQ","veryslow",4,"-hwaccel qsv -c:v mpeg2_qsv","videos/dist/h264_qsv_min_qp/32bb41cd8010",108438.34765625,7228.017578125,"-global_quality 25 -look_ahead 1 -bf 16 -refs 9 -min_qp_i 25 -min_qp_p 24 -min_qp_b 30",12.760854244232178,"00:00:12",0.5771499112334015,9.405326454085019,0.977746,0.994416,73.415584,95.699325
262,"h264_qsv","h264_qsv_LA-ICQ","veryslow",4,"-hwaccel qsv -c:v mpeg2_qsv","videos/dist/h264_qsv_min_qp/e392d85e6e9a",108438.34765625,7228.017578125,"-global_quality 25 -look_ahead 1 -bf 16 -refs 9 -min_qp_i 25 -min_qp_p 24 -min_qp_b 31",12.75899052619934,"00:00:12",0.5771499112334015,9.406700299177325,0.977746,0.994416,73.415584,95.699325
263,"h264_qsv","h264_qsv_LA-ICQ","veryslow",4,"-hwaccel qsv -c:v mpeg2_qsv","videos/dist/h264_qsv_min_qp/0110f2efc836",108438.34765625,7228.017578125,"-global_quality 25 -look_ahead 1 -bf 16 -refs 9 -min_qp_i 25 -min_qp_p 24 -min_qp_b 32",12.762797832489014,"00:00:12",0.5771499112334015,9.403894159827303,0.977746,0.994416,73.415584,95.699325
264,"h264_qsv","h264_qsv_LA-ICQ","veryslow",4,"-hwaccel qsv -c:v mpeg2_qsv","videos/dist/h264_qsv_min_qp/d237ea936499",108438.34765625,7228.017578125,"-global_quality 25 -look_ahead 1 -bf 16 -refs 9 -min_qp_i 25 -min_qp_p 24 -min_qp_b 33",12.768937587738037,"00:00:12",0.5771499112334015,9.399372436063494,0.977746,0.994416,73.415584,95.699325
265,"h264_qsv","h264_qsv_LA-ICQ","veryslow",4,"-hwaccel qsv -c:v mpeg2_qsv","videos/dist/h264_qsv_min_qp/15dc39ff2c5a",108438.34765625,7228.017578125,"-global_quality 25 -look_ahead 1 -bf 16 -refs 9 -min_qp_i 25 -min_qp_p 25 -min_qp_b 23",12.761051654815674,"00:00:12",0.5771499112334015,9.405180955811563,0.977746,0.994416,73.415584,95.699325
266,"h264_qsv","h264_qsv_LA-ICQ","veryslow",4,"-hwaccel qsv -c:v mpeg2_qsv","videos/dist/h264_qsv_min_qp/e8927d54b712",108438.34765625,7228.017578125,"-global_quality 25 -look_ahead 1 -bf 16 -refs 9 -min_qp_i 25 -min_qp_p 25 -min_qp_b 24",12.761760234832764,"00:00:12",0.5771499112334015,9.404658745461283,0.977746,0.994416,73.415584,95.699325
267,"h264_qsv","h264_qsv_LA-ICQ","veryslow",4,"-hwaccel qsv -c:v mpeg2_qsv","videos/dist/h264_qsv_min_qp/b98f5e750ab6",108438.34765625,7228.017578125,"-global_quality 25 -look_ahead 1 -bf 16 -refs 9 -min_qp_i 25 -min_qp_p 25 -min_qp_b 25",12.759327173233032,"00:00:12",0.5771499112334015,9.406452109150568,0.977746,0.994416,73.415584,95.699325
268,"h264_qsv","h264_qsv_LA-ICQ","veryslow",4,"-hwaccel qsv -c:v mpeg2_qsv","videos/dist/h264_qsv_min_qp/23ec4b26f380",108438.34765625,7228.017578125,"-global_quality 25 -look_ahead 1 -bf 16 -refs 9 -min_qp_i 25 -min_qp_p 25 -min_qp_b 26",12.757811069488525,"00:00:12",0.5771499112334015,9.407569946465097,0.977746,0.994416,73.415584,95.699325
269,"h264_qsv","h264_qsv_LA-ICQ","veryslow",4,"-hwaccel qsv -c:v mpeg2_qsv","videos/dist/h264_qsv_min_qp/5c44f3d22c5d",108438.34765625,7228.017578125,"-global_quality 25 -look_ahead 1 -bf 16 -refs 9 -min_qp_i 25 -min_qp_p 25 -min_qp_b 27",12.76289415359497,"00:00:12",0.5771499112334015,9.40382318897423,0.977746,0.994416,73.415584,95.699325
270,"h264_qsv","h264_qsv_LA-ICQ","veryslow",4,"-hwaccel qsv -c:v mpeg2_qsv","videos/dist/h264_qsv_min_qp/d13babe4a9fe",108438.34765625,7228.017578125,"-global_quality 25 -look_ahead 1 -bf 16 -refs 9 -min_qp_i 25 -min_qp_p 25 -min_qp_b 28",12.757459163665771,"00:00:12",0.5771499112334015,9.407829447875187,0.977746,0.994416,73.415584,95.699325
271,"h264_qsv","h264_qsv_LA-ICQ","veryslow",4,"-hwaccel qsv -c:v mpeg2_qsv","videos/dist/h264_qsv_min_qp/556c1329ac14",108438.34765625,7228.017578125,"-global_quality 25 -look_ahead 1 -bf 16 -refs 9 -min_qp_i 25 -min_qp_p 25 -min_qp_b 29",12.752546072006226,"00:00:12",0.5771499112334015,9.411453942006304,0.977746,0.994416,73.415584,95.699325
272,"h264_qsv","h264_qsv_LA-ICQ","veryslow",4,"-hwaccel qsv -c:v mpeg2_qsv","videos/dist/h264_qsv_min_qp/ccb1b33aaf24",108438.34765625,7228.017578125,"-global_quality 25 -look_ahead 1 -bf 16 -refs 9 -min_qp_i 25 -min_qp_p 25 -min_qp_b 30",12.760703802108765,"00:00:12",0.5771499112334015,9.405437338038215,0.977746,0.994416,73.415584,95.699325
273,"h264_qsv","h264_qsv_LA-ICQ","veryslow",4,"-hwaccel qsv -c:v mpeg2_qsv","videos/dist/h264_qsv_min_qp/7acdda6b9ea3",108438.34765625,7228.017578125,"-global_quality 25 -look_ahead 1 -bf 16 -refs 9 -min_qp_i 25 -min_qp_p 25 -min_qp_b 31",12.753631114959717,"00:00:12",0.5771499112334015,9.410653242057416,0.977746,0.994416,73.415584,95.699325
274,"h264_qsv","h264_qsv_LA-ICQ","veryslow",4,"-hwaccel qsv -c:v mpeg2_qsv","videos/dist/h264_qsv_min_qp/68558058ee24",108438.34765625,7228.017578125,"-global_quality 25 -look_ahead 1 -bf 16 -refs 9 -min_qp_i 25 -min_qp_p 25 -min_qp_b 32",12.763221979141235,"00:00:12",0.5771499112334015,9.403581650162247,0.977746,0.994416,73.415584,95.699325
275,"h264_qsv","h264_qsv_LA-ICQ","veryslow",4,"-hwaccel qsv -c:v mpeg2_qsv","videos/dist/h264_qsv_min_qp/a27074611427",108438.34765625,7228.017578125,"-global_quality 25 -look_ahead 1 -bf 16 -refs 9 -min_qp_i 25 -min_qp_p 25 -min_qp_b 33",12.75785207748413,"00:00:12",0.5771499112334015,9.407539707394706,0.977746,0.994416,73.415584,95.699325
276,"h264_qsv","h264_qsv_LA-ICQ","veryslow",4,"-hwaccel qsv -c:v mpeg2_qsv","videos/dist/h264_qsv_min_qp/5b5103053d46",108438.34765625,7228.017578125,"-global_quality 25 -look_ahead 1 -bf 16 -refs 9 -min_qp_i 25 -min_qp_p 26 -min_qp_b 23",12.75391674041748,"00:00:12",0.5771499112334015,9.4104424893769,0.977746,0.994416,73.415584,95.699325
277,"h264_qsv","h264_qsv_LA-ICQ","veryslow",4,"-hwaccel qsv -c:v mpeg2_qsv","videos/dist/h264_qsv_min_qp/18d3e3d9b7e5",108438.34765625,7228.017578125,"-global_quality 25 -look_ahead 1 -bf 16 -refs 9 -min_qp_i 25 -min_qp_p 26 -min_qp_b 24",12.75813603401184,"00:00:12",0.5771499112334015,9.40733032474645,0.977746,0.994416,73.415584,95.699325
278,"h264_qsv","h264_qsv_LA-ICQ","veryslow",4,"-hwaccel qsv -c:v mpeg2_qsv","videos/dist/h264_qsv_min_qp/21a3ad2aa512",108438.34765625,7228.017578125,"-global_quality 25 -look_ahead 1 -bf 16 -refs 9 -min_qp_i 25 -min_qp_p 26 -min_qp_b 25",12.756476402282715,"00:00:12",0.5771499112334015,9.408554228856094,0.977746,0.994416,73.415584,95.699325
279,"h264_qsv","h264_qsv_LA-ICQ","veryslow",4,"-hwaccel qsv -c:v mpeg2_qsv","videos/dist/h264_qsv_min_qp/3a9dc3b6babc",108438.34765625,7228.017578125,"-global_quality 25 -look_ahead 1 -bf 16 -refs 9 -min_qp_i 25 -min_qp_p 26 -min_qp_b 26",12.75253701210022,"00:00:12",0.5771499112334015,9.411460628274927,0.977746,0.994416,73.415584,95.699325
280,"h264_qsv","h264_qsv_LA-ICQ","veryslow",4,"-hwaccel qsv -c:v mpeg2_qsv","videos/dist/h264_qsv_min_qp/882387cae34c",108438.34765625,7228.017578125,"-global_quality 25 -look_ahead 1 -bf 16 -refs 9 -min_qp_i 25 -min_qp_p 26 -min_qp_b 27",12.755125761032104,"00:00:12",0.5771499112334015,9.409550501389047,0.977746,0.994416,73.415584,95.699325
281,"h264_qsv","h264_qsv_LA-ICQ","veryslow",4,"-hwaccel qsv -c:v mpeg2_qsv","videos/dist/h264_qsv_min_qp/98bd172a5950",108438.34765625,7228.017578125,"-global_quality 25 -look_ahead 1 -bf 16 -refs 9 -min_qp_i 25 -min_qp_p 26 -min_qp_b 28",12.751142501831055,"00:00:12",0.5771499112334015,9.412489899063178,0.977746,0.994416,73.415584,95.699325
282,"h264_qsv","h264_qsv_LA-ICQ","veryslow",4,"-hwaccel qsv -c:v mpeg2_qsv","videos/dist/h264_qsv_min_qp/94c79d939f7f",108438.34765625,7228.017578125,"-global_quality 25 -look_ahead 1 -bf 16 -refs 9 -min_qp_i 25 -min_qp_p 26 -min_qp_b 29",12.761909008026123,"00:00:12",0.5771499112334015,9.404549109738827,0.977746,0.994416,73.415584,95.699325
283,"h264_qsv","h264_qsv_LA-ICQ","veryslow",4,"-hwaccel qsv -c:v mpeg2_qsv","videos/dist/h264_qsv_min_qp/3ee06a8ddb8a",108438.34765625,7228.017578125,"-global_quality 25 -look_ahead 1 -bf 16 -refs 9 -min_qp_i 25 -min_qp_p 26 -min_qp_b 30",12.757291793823242,"00:00:12",0.5771499112334015,9.40795287430132,0.977746,0.994416,73.415584,95.699325
284,"h264_qsv","h264_qsv_LA-ICQ","veryslow",4,"-hwaccel qsv -c:v mpeg2_qsv","videos/dist/h264_qsv_min_qp/87745ecb7f10",108438.34765625,7228.017578125,"-global_quality 25 -look_ahead 1 -bf 16 -refs 9 -min_qp_i 25 -min_qp_p 26 -min_qp_b 31",12.75789737701416,"00:00:12",0.5771499112334015,9.407506303996412,0.977746,0.994416,73.415584,95.699325
285,"h264_qsv","h264_qsv_LA-ICQ","veryslow",4,"-hwaccel qsv -c:v mpeg2_qsv","videos/dist/h264_qsv_min_qp/9efe1792588e",108438.34765625,7228.017578125,"-global_quality 25 -look_ahead 1 -bf 16 -refs 9 -min_qp_i 25 -min_qp_p 26 -min_qp_b 32",12.757430791854858,"00:00:12",0.5771499112334015,9.407850370360485,0.977746,0.994416,73.415584,95.699325
286,"h264_qsv","h264_qsv_LA-ICQ","veryslow",4,"-hwaccel qsv -c:v mpeg2_qsv","videos/dist/h264_qsv_min_qp/729270b7d056",108438.34765625,7228.017578125,"-global_quality 25 -look_ahead 1 -bf 16 -refs 9 -min_qp_i 25 -min_qp_p 26 -min_qp_b 33",12.75875186920166,"00:00:12",0.5771499112334015,9.406876254856572,0.977746,0.994416,73.415584,95.699325
287,"h264_qsv","h264_qsv_LA-ICQ","veryslow",4,"-hwaccel qsv -c:v mpeg2_qsv","videos/dist/h264_qsv_min_qp/231d24e3371b",108438.34765625,7228.017578125,"-global_quality 25 -look_ahead 1 -bf 16 -refs 9 -min_qp_i 25 -min_qp_p 27 -min_qp_b 23",12.753893375396729,"00:00:12",0.5771499112334015,9.410459729224966,0.977746,0.994416,73.415584,95.699325
