"index","codec","type","preset","threads","infile_options","outfile_filename","outfile_size_kbyte","outfile_bit_rate_kbs","outfile_options","elapsed_encode_second","elapsed_encode_time","compression_ratio_persent","compression_speed","ssim_min","ssim_harmonic_mean","vmaf_min","vmaf_harmonic_mean"
0,"h264_qsv","h264_qsv_LA-ICQ","veryslow",4,"-hwaccel qsv -c:v mpeg2_qsv","videos/dist/h264_qsv_min_qp_2/561538621470",108452.884765625,7228.9873046875,"-global_quality 25 -look_ahead 1 -bf 16 -refs 9",12.777529239654541,"00:00:12",0.5770932244789232,9.393052267689031,0.977746,0.994418,73.415584,95.700976
1,"h264_qsv","h264_qsv_LA-ICQ","veryslow",4,"-hwaccel qsv -c:v mpeg2_qsv","videos/dist/h264_qsv_min_qp_2/16776b7194a1",108438.34765625,7228.017578125,"-global_quality 25 -look_ahead 1 -bf 16 -refs 9 -min_qp_i 25 -min_qp_p 25 -min_qp_b 25",12.757607698440552,"00:00:12",0.5771499112334015,9.407719914029872,0.977746,0.994416,73.415584,95.699325
2,"h264_qsv","h264_qsv_LA-ICQ","veryslow",4,"-hwaccel qsv -c:v mpeg2_qsv","videos/dist/h264_qsv_min_qp_2/af648128090d",108438.34765625,7228.017578125,"-global_quality 25 -look_ahead 1 -bf 16 -refs 9 -min_qp_i 25 -min_qp_p 25 -min_qp_b 28",12.751498699188232,"00:00:12",0.5771499112334015,9.412226972790307,0.977746,0.994416,73.415584,95.699325
3,"h264_qsv","h264_qsv_LA-ICQ","veryslow",4,"-hwaccel qsv -c:v mpeg2_qsv","videos/dist/h264_qsv_min_qp_2/caa45b8912f5",108438.34765625,7228.017578125,"-global_quality 25 -look_ahead 1 -bf 16 -refs 9 -min_qp_i 25 -min_qp_p 25 -min_qp_b 31",12.761775016784668,"00:00:12",0.5771499112334015,9.404647852053975,0.977746,0.994416,73.415584,95.699325
4,"h264_qsv","h264_qsv_LA-ICQ","veryslow",4,"-hwaccel qsv -c:v mpeg2_qsv","videos/dist/h264_qsv_min_qp_2/aad3ea776e27",108438.34765625,7228.017578125,"-global_quality 25 -look_ahead 1 -bf 16 -refs 9 -min_qp_i 25 -min_qp_p 25 -min_qp_b 34",12.758700847625732,"00:00:12",0.5771499112334015,9.4069138726091,0.977746,0.994416,73.415584,95.699325
5,"h264_qsv","h264_qsv_LA-ICQ","veryslow",4,"-hwaccel qsv -c:v mpeg2_qsv","videos/dist/h264_qsv_min_qp_2/ae89250ca4d4",108438.34765625,7228.017578125,"-global_quality 25 -look_ahead 1 -bf 16 -refs 9 -min_qp_i 25 -min_qp_p 25 -min_qp_b 37",12.760341882705688,"00:00:12",0.5771499112334015,9.405704102855204,0.977746,0.994416,73.415584,95.699325
6,"h264_qsv","h264_qsv_LA-ICQ","veryslow",4,"-hwaccel qsv -c:v mpeg2_qsv","videos/dist/h264_qsv_min_qp_2/d8f60b0d86c2",108438.34765625,7228.017578125,"-global_quality 25 -look_ahead 1 -bf 16 -refs 9 -min_qp_i 25 -min_qp_p 28 -min_qp_b 25",12.768267393112183,"00:00:12",0.5771499112334015,9.3998658004879,0.977746,0.994416,73.415584,95.699325
7,"h264_qsv","h264_qsv_LA-ICQ","veryslow",4,"-hwaccel qsv -c:v mpeg2_qsv","videos/dist/h264_qsv_min_qp_2/ccfadea7f898",108438.34765625,7228.017578125,"-global_quality 25 -look_ahead 1 -bf 16 -refs 9 -min_qp_i 25 -min_qp_p 28 -min_qp_b 28",12.771674871444702,"00:00:12",0.5771499112334015,9.39735791962136,0.977746,0.994416,73.415584,95.699325
8,"h264_qsv","h264_qsv_LA-ICQ","veryslow",4,"-hwaccel qsv -c:v mpeg2_qsv","videos/dist/h264_qsv_min_qp_2/8b183f9cd220",108438.34765625,7228.017578125,"-global_quality 25 -look_ahead 1 -bf 16 -refs 9 -min_qp_i 25 -min_qp_p 28 -min_qp_b 31",12.775152444839478,"00:00:12",0.5771499112334015,9.394799828669134,0.977746,0.994416,73.415584,95.699325
9,"h264_qsv","h264_qsv_LA-ICQ","veryslow",4,"-hwaccel qsv -c:v mpeg2_qsv","videos/dist/h264_qsv_min_qp_2/360f7c957aac",108438.34765625,7228.017578125,"-global_quality 25 -look_ahead 1 -bf 16 -refs 9 -min_qp_i 25 -min_qp_p 28 -min_qp_b 34",12.779567003250122,"00:00:12",0.5771499112334015,9.391554500201478,0.977746,0.994416,73.415584,95.699325
10,"h264_qsv","h264_qsv_LA-ICQ","veryslow",4,"-hwaccel qsv -c:v mpeg2_qsv","videos/dist/h264_qsv_min_qp_2/aeb60bafff72",108438.34765625,7228.017578125,"-global_quality 25 -look_ahead 1 -bf 16 -refs 9 -min_qp_i 25 -min_qp_p 28 -min_qp_b 37",12.772067546844482,"00:00:12",0.5771499112334015,9.397068999188985,0.977746,0.994416,73.415584,95.699325
11,"h264_qsv","h264_qsv_LA-ICQ","veryslow",4,"-hwaccel qsv -c:v mpeg2_qsv","videos/dist/h264_qsv_min_qp_2/31fcf5725e2e",108438.34765625,7228.017578125,"-global_quality 25 -look_ahead 1 -bf 16 -refs 9 -min_qp_i 25 -min_qp_p 31 -min_qp_b 25",12.768494367599487,"00:00:12",0.5771499112334015,9.399698707198795,0.977746,0.994416,73.415584,95.699325
12,"h264_qsv","h264_qsv_LA-ICQ","veryslow",4,"-hwaccel qsv -c:v mpeg2_qsv","videos/dist/h264_qsv_min_qp_2/81c811e0b9da",108438.34765625,7228.017578125,"-global_quality 25 -look_ahead 1 -bf 16 -refs 9 -min_qp_i 25 -min_qp_p 31 -min_qp_b 28",12.766322612762451,"00:00:12",0.5771499112334015,9.401297745681,0.977746,0.994416,73.415584,95.699325
13,"h264_qsv","h264_qsv_LA-ICQ","veryslow",4,"-hwaccel qsv -c:v mpeg2_qsv","videos/dist/h264_qsv_min_qp_2/c7ec031f218b",108438.34765625,7228.017578125,"-global_quality 25 -look_ahead 1 -bf 16 -refs 9 -min_qp_i 25 -min_qp_p 31 -min_qp_b 31",12.75830626487732,"00:00:12",0.5771499112334015,9.407204805108515,0.977746,0.994416,73.415584,95.699325
14,"h264_qsv","h264_qsv_LA-ICQ","veryslow",4,"-hwaccel qsv -c:v mpeg2_qsv","videos/dist/h264_qsv_min_qp_2/9031c3624692",108438.34765625,7228.017578125,"-global_quality 25 -look_ahead 1 -bf 16 -refs 9 -min_qp_i 25 -min_qp_p 31 -min_qp_b 34",12.765491247177124,"00:00:12",0.5771499112334015,9.401910014747017,0.977746,0.994416,73.415584,95.699325
15,"h264_qsv","h264_qsv_LA-ICQ","veryslow",4,"-hwaccel qsv -c:v mpeg2_qsv","videos/dist/h264_qsv_min_qp_2/24427994b1fd",108438.34765625,7228.017578125,"-global_quality 25 -look_ahead 1 -bf 16 -refs 9 -min_qp_i 25 -min_qp_p 31 -min_qp_b 37",12.765555381774902,"00:00:12",0.5771499112334015,9.401862779221487,0.977746,0.994416,73.415584,95.699325
16,"h264_qsv","h264_qsv_LA-ICQ","veryslow",4,"-hwaccel qsv -c:v mpeg2_qsv","videos/dist/h264_qsv_min_qp_2/d53992e680c0",108438.34765625,7228.017578125,"-global_quality 25 -look_ahead 1 -bf 16 -refs 9 -min_qp_i 25 -min_qp_p 34 -min_qp_b 25",12.76139211654663,"00:00:12",0.5771499112334015,9.40493003458299,0.977746,0.994416,73.415584,95.699325
17,"h264_qsv","h264_qsv_LA-ICQ","veryslow",4,"-hwaccel qsv -c:v mpeg2_qsv","videos/dist/h264_qsv_min_qp_2/20015b50e4aa",108438.34765625,7228.017578125,"-global_quality 25 -look_ahead 1 -bf 16 -refs 9 -min_qp_i 25 -min_qp_p 34 -min_qp_b 28",12.76620626449585,"00:00:12",0.5771499112334015,9.40138342694557,0.977746,0.994416,73.415584,95.699325
18,"h264_qsv","h264_qsv_LA-ICQ","veryslow",4,"-hwaccel qsv -c:v mpeg2_qsv","videos/dist/h264_qsv_min_qp_2/f08323605a81",108438.34765625,7228.017578125,"-global_quality 25 -look_ahead 1 -bf 16 -refs 9 -min_qp_i 25 -min_qp_p 34 -min_qp_b 31",12.756330013275146,"00:00:12",0.5771499112334015,9.408662199480464,0.977746,0.994416,73.415584,95.699325
19,"h264_qsv","h264_qsv_LA-ICQ","veryslow",4,"-hwaccel qsv -c:v mpeg2_qsv","videos/dist/h264_qsv_min_qp_2/6753cf68b6cb",108438.34765625,7228.017578125,"-global_quality 25 -look_ahead 1 -bf 16 -refs 9 -min_qp_i 25 -min_qp_p 34 -min_qp_b 34",12.756788969039917,"00:00:12",0.5771499112334015,9.408323700523892,0.977746,0.994416,73.415584,95.699325
20,"h264_qsv","h264_qsv_LA-ICQ","veryslow",4,"-hwaccel qsv -c:v mpeg2_qsv","videos/dist/h264_qsv_min_qp_2/32a3acea537a",108438.34765625,7228.017578125,"-global_quality 25 -look_ahead 1 -bf 16 -refs 9 -min_qp_i 25 -min_qp_p 34 -min_qp_b 37",12.759699583053589,"00:00:12",0.5771499112334015,9.40617756858484,0.977746,0.994416,73.415584,95.699325
21,"h264_qsv","h264_qsv_LA-ICQ","veryslow",4,"-hwaccel qsv -c:v mpeg2_qsv","videos/dist/h264_qsv_min_qp_2/c4a0bf49de49",108438.34765625,7228.017578125,"-global_quality 25 -look_ahead 1 -bf 16 -refs 9 -min_qp_i 25 -min_qp_p 37 -min_qp_b 25",12.76675295829773,"00:00:12",0.5771499112334015,9.40098084391875,0.977746,0.994416,73.415584,95.699325
22,"h264_qsv","h264_qsv_LA-ICQ","veryslow",4,"-hwaccel qsv -c:v mpeg2_qsv","videos/dist/h264_qsv_min_qp_2/1e49197c5390",108438.34765625,7228.017578125,"-global_quality 25 -look_ahead 1 -bf 16 -refs 9 -min_qp_i 25 -min_qp_p 37 -min_qp_b 28",12.7599515914917,"00:00:12",0.5771499112334015,9.40599179702445,0.977746,0.994416,73.415584,95.699325
23,"h264_qsv","h264_qsv_LA-ICQ","veryslow",4,"-hwaccel qsv -c:v mpeg2_qsv","videos/dist/h264_qsv_min_qp_2/509ce5afcc04",108438.34765625,7228.017578125,"-global_quality 25 -look_ahead 1 -bf 16 -refs 9 -min_qp_i 25 -min_qp_p 37 -min_qp_b 31",12.7543625831604,"00:00:12",0.5771499112334015,9.41011353703105,0.977746,0.994416,73.415584,95.699325
24,"h264_qsv","h264_qsv_LA-ICQ","veryslow",4,"-hwaccel qsv -c:v mpeg2_qsv","videos/dist/h264_qsv_min_qp_2/6969c9ef6df9",108438.34765625,7228.017578125,"-global_quality 25 -look_ahead 1 -bf 16 -refs 9 -min_qp_i 25 -min_qp_p 37 -min_qp_b 34",12.760310888290405,"00:00:12",0.5771499112334015,9.40572694903047,0.977746,0.994416,73.415584,95.699325
25,"h264_qsv","h264_qsv_LA-ICQ","veryslow",4,"-hwaccel qsv -c:v mpeg2_qsv","videos/dist/h264_qsv_min_qp_2/5ce611d8d681",108438.34765625,7228.017578125,"-global_quality 25 -look_ahead 1 -bf 16 -refs 9 -min_qp_i 25 -min_qp_p 37 -min_qp_b 37",12.751836061477661,"00:00:12",0.5771499112334015,9.411977963124182,0.977746,0.994416,73.415584,95.699325
26,"h264_qsv","h264_qsv_LA-ICQ","veryslow",4,"-hwaccel qsv -c:v mpeg2_qsv","videos/dist/h264_qsv_min_qp_2/cc5ec770b806",108309.9990234375,7219.462890625,"-global_quality 25 -look_ahead 1 -bf 16 -refs 9 -min_qp_i 26 -min_qp_p 25 -min_qp_b 25",12.753568649291992,"00:00:12",0.5776504005155685,9.410699334469246,0.9778,0.994384,73.138533,95.684561
27,"h264_qsv","h264_qsv_LA-ICQ","veryslow",4,"-hwaccel qsv -c:v mpeg2_qsv","videos/dist/h264_qsv_min_qp_2/4c40a1dc407f",108309.9990234375,7219.462890625,"-global_quality 25 -look_ahead 1 -bf 16 -refs 9 -min_qp_i 26 -min_qp_p 25 -min_qp_b 28",12.750871181488037,"00:00:12",0.5776504005155685,9.412690183416437,0.9778,0.994384,73.138533,95.684561
28,"h264_qsv","h264_qsv_LA-ICQ","veryslow",4,"-hwaccel qsv -c:v mpeg2_qsv","videos/dist/h264_qsv_min_qp_2/d9f0f3e7de78",108309.9990234375,7219.462890625,"-global_quality 25 -look_ahead 1 -bf 16 -refs 9 -min_qp_i 26 -min_qp_p 25 -min_qp_b 31",12.762937307357788,"00:00:12",0.5776504005155685,9.403791392974162,0.9778,0.994384,73.138533,95.684561
29,"h264_qsv","h264_qsv_LA-ICQ","veryslow",4,"-hwaccel qsv -c:v mpeg2_qsv","videos/dist/h264_qsv_min_qp_2/2c8575e738b4",108309.9990234375,7219.462890625,"-global_quality 25 -look_ahead 1 -bf 16 -refs 9 -min_qp_i 26 -min_qp_p 25 -min_qp_b 34",12.757504940032959,"00:00:12",0.5776504005155685,9.407795690784182,0.9778,0.994384,73.138533,95.684561
30,"h264_qsv","h264_qsv_LA-ICQ","veryslow",4,"-hwaccel qsv -c:v mpeg2_qsv","videos/dist/h264_qsv_min_qp_2/f153550200e1",108309.9990234375,7219.462890625,"-global_quality 25 -look_ahead 1 -bf 16 -refs 9 -min_qp_i 26 -min_qp_p 25 -min_qp_b 37",12.761778831481934,"00:00:12",0.5776504005155685,9.404645040856185,0.9778,0.994384,73.138533,95.684561
31,"h264_qsv","h264_qsv_LA-ICQ","veryslow",4,"-hwaccel qsv -c:v mpeg2_qsv","videos/dist/h264_qsv_min_qp_2/3a35492e1b96",108309.9990234375,7219.462890625,"-global_quality 25 -look_ahead 1 -bf 16 -refs 9 -min_qp_i 26 -min_qp_p 28 -min_qp_b 25",12.758511066436768,"00:00:12",0.5776504005155685,9.40705379922671,0.9778,0.994384,73.138533,95.684561
32,"h264_qsv","h264_qsv_LA-ICQ","veryslow",4,"-hwaccel qsv -c:v mpeg2_qsv","videos/dist/h264_qsv_min_qp_2/6af832514c67",108309.9990234375,7219.462890625,"-global_quality 25 -look_ahead 1 -bf 16 -refs 9 -min_qp_i 26 -min_qp_p 28 -min_qp_b 28",12.75865912437439,"00:00:12",0.5776504005155685,9.406944635013524,0.9778,0.994384,73.138533,95.684561
33,"h264_qsv","h264_qsv_LA-ICQ","veryslow",4,"-hwaccel qsv -c:v mpeg2_qsv","videos/dist/h264_qsv_min_qp_2/3f2c7ea505c5",108309.9990234375,7219.462890625,"-global_quality 25 -look_ahead 1 -bf 16 -refs 9 -min_qp_i 26 -min_qp_p 28 -min_qp_b 31",12.752756357192993,"00:00:12",0.5776504005155685,9.411298752861736,0.9778,0.994384,73.138533,95.684561
34,"h264_qsv","h264_qsv_LA-ICQ","veryslow",4,"-hwaccel qsv -c:v mpeg2_qsv","videos/dist/h264_qsv_min_qp_2/1a68bbe4c562",108309.9990234375,7219.462890625,"-global_quality 25 -look_ahead 1 -bf 16 -refs 9 -min_qp_i 26 -min_qp_p 28 -min_qp_b 34",12.755670070648193,"00:00:12",0.5776504005155685,9.409148977298772,0.9778,0.994384,73.138533,95.684561
35,"h264_qsv","h264_qsv_LA-ICQ","veryslow",4,"-hwaccel qsv -c:v mpeg2_qsv","videos/dist/h264_qsv_min_qp_2/8902f014c30a",108309.9990234375,7219.462890625,"-global_quality 25 -look_ahead 1 -bf 16 -refs 9 -min_qp_i 26 -min_qp_p 28 -min_qp_b 37",12.754999876022339,"00:00:12",0.5776504005155685,9.409643368607258,0.9778,0.994384,73.138533,95.684561
36,"h264_qsv","h264_qsv_LA-ICQ","veryslow",4,"-hwaccel qsv -c:v mpeg2_qsv","videos/dist/h264_qsv_min_qp_2/6ae718784863",108309.9990234375,7219.462890625,"-global_quality 25 -look_ahead 1 -bf 16 -refs 9 -min_qp_i 26 -min_qp_p 31 -min_qp_b 25",12.75461459159851,"00:00:12",0.5776504005155685,9.409927609969289,0.9778,0.994384,73.138533,95.684561
37,"h264_qsv","h264_qsv_LA-ICQ","veryslow",4,"-hwaccel qsv -c:v mpeg2_qsv","videos/dist/h264_qsv_min_qp_2/2044cc0624bb",108309.9990234375,7219.462890625,"-global_quality 25 -look_ahead 1 -bf 16 -refs 9 -min_qp_i 26 -min_qp_p 31 -min_qp_b 28",12.754871368408203,"00:00:12",0.5776504005155685,9.40973817244998,0.9778,0.994384,73.138533,95.684561
38,"h264_qsv","h264_qsv_LA-ICQ","veryslow",4,"-hwaccel qsv -c:v mpeg2_qsv","videos/dist/h264_qsv_min_qp_2/a8e726533cae",108309.9990234375,7219.462890625,"-global_quality 25 -look_ahead 1 -bf 16 -refs 9 -min_qp_i 26 -min_qp_p 31 -min_qp_b 31",12.75480341911316,"00:00:12",0.5776504005155685,9.409788301413506,0.9778,0.994384,73.138533,95.684561
39,"h264_qsv","h264_qsv_LA-ICQ","veryslow",4,"-hwaccel qsv -c:v mpeg2_qsv","videos/dist/h264_qsv_min_qp_2/0de2508c7fb1",108309.9990234375,7219.462890625,"-global_quality 25 -look_ahead 1 -bf 16 -refs 9 -min_qp_i 26 -min_qp_p 31 -min_qp_b 34",12.761143922805786,"00:00:12",0.5776504005155685,9.405112952727459,0.9778,0.994384,73.138533,95.684561
40,"h264_qsv","h264_qsv_LA-ICQ","veryslow",4,"-hwaccel qsv -c:v mpeg2_qsv","videos/dist/h264_qsv_min_qp_2/2a9362f36a58",108309.9990234375,7219.462890625,"-global_quality 25 -look_ahead 1 -bf 16 -refs 9 -min_qp_i 26 -min_qp_p 31 -min_qp_b 37",12.750096082687378,"00:00:12",0.5776504005155685,9.41326239595702,0.9778,0.994384,73.138533,95.684561
41,"h264_qsv","h264_qsv_LA-ICQ","veryslow",4,"-hwaccel qsv -c:v mpeg2_qsv","videos/dist/h264_qsv_min_qp_2/ef224156a375",108309.9990234375,7219.462890625,"-global_quality 25 -look_ahead 1 -bf 16 -refs 9 -min_qp_i 26 -min_qp_p 34 -min_qp_b 25",12.756886959075928,"00:00:12",0.5776504005155685,9.40825143195389,0.9778,0.994384,73.138533,95.684561
42,"h264_qsv","h264_qsv_LA-ICQ","veryslow",4,"-hwaccel qsv -c:v mpeg2_qsv","videos/dist/h264_qsv_min_qp_2/1973d6e5ed4d",108309.9990234375,7219.462890625,"-global_quality 25 -look_ahead 1 -bf 16 -refs 9 -min_qp_i 26 -min_qp_p 34 -min_qp_b 28",12.759040594100952,"00:00:12",0.5776504005155685,9.406663386233786,0.9778,0.994384,73.138533,95.684561
43,"h264_qsv","h264_qsv_LA-ICQ","veryslow",4,"-hwaccel qsv -c:v mpeg2_qsv","videos/dist/h264_qsv_min_qp_2/4603388f3981",108309.9990234375,7219.462890625,"-global_quality 25 -look_ahead 1 -bf 16 -refs 9 -min_qp_i 26 -min_qp_p 34 -min_qp_b 31",12.752986431121826,"00:00:12",0.5776504005155685,9.411128965612987,0.9778,0.994384,73.138533,95.684561
44,"h264_qsv","h264_qsv_LA-ICQ","veryslow",4,"-hwaccel qsv -c:v mpeg2_qsv","videos/dist/h264_qsv_min_qp_2/ecfbe48ec538",108309.9990234375,7219.462890625,"-global_quality 25 -look_ahead 1 -bf 16 -refs 9 -min_qp_i 26 -min_qp_p 34 -min_qp_b 34",12.76022720336914,"00:00:12",0.5776504005155685,9.405788634258062,0.9778,0.994384,73.138533,95.684561
45,"h264_qsv","h264_qsv_LA-ICQ","veryslow",4,"-hwaccel qsv -c:v mpeg2_qsv","videos/dist/h264_qsv_min_qp_2/fb215fd61a36",108309.9990234375,7219.462890625,"-global_quality 25 -look_ahead 1 -bf 16 -refs 9 -min_qp_i 26 -min_qp_p 34 -min_qp_b 37",12.763359785079956,"00:00:12",0.5776504005155685,9.403480119733077,0.9778,0.994384,73.138533,95.684561
46,"h264_qsv","h264_qsv_LA-ICQ","veryslow",4,"-hwaccel qsv -c:v mpeg2_qsv","videos/dist/h264_qsv_min_qp_2/085322f6c9ef",108309.9990234375,7219.462890625,"-global_quality 25 -look_ahead 1 -bf 16 -refs 9 -min_qp_i 26 -min_qp_p 37 -min_qp_b 25",12.754148721694946,"00:00:12",0.5776504005155685,9.410271325740828,0.9778,0.994384,73.138533,95.684561
47,"h264_qsv","h264_qsv_LA-ICQ","veryslow",4,"-hwaccel qsv -c:v mpeg2_qsv","videos/dist/h264_qsv_min_qp_2/fd2e32c760a7",108309.9990234375,7219.462890625,"-global_quality 25 -look_ahead 1 -bf 16 -refs 9 -min_qp_i 26 -min_qp_p 37 -min_qp_b 28",12.754413604736328,"00:00:12",0.5776504005155685,9.410075893683642,0.9778,0.994384,73.138533,95.684561
48,"h264_qsv","h264_qsv_LA-ICQ","veryslow",4,"-hwaccel qsv -c:v mpeg2_qsv","videos/dist/h264_qsv_min_qp_2/812b31acf2e7",108309.9990234375,7219.462890625,"-global_quality 25 -look_ahead 1 -bf 16 -refs 9 -min_qp_i 26 -min_qp_p 37 -min_qp_b 31",12.746744871139526,"00:00:12",0.5776504005155685,9.415737210818632,0.9778,0.994384,73.138533,95.684561
49,"h264_qsv","h264_qsv_LA-ICQ","veryslow",4,"-hwaccel qsv -c:v mpeg2_qsv","videos/dist/h264_qsv_min_qp_2/8ae6fb67bae8",108309.9990234375,7219.462890625,"-global_quality 25 -look_ahead 1 -bf 16 -refs 9 -min_qp_i 26 -min_qp_p 37 -min_qp_b 34",12.7559814453125,"00:00:12",0.5776504005155685,9.408919299118635,0.9778,0.994384,73.138533,95.684561
50,"h264_qsv","h264_qsv_LA-ICQ","veryslow",4,"-hwaccel qsv -c:v mpeg2_qsv","videos/dist/h264_qsv_min_qp_2/5eb10348bd28",108309.9990234375,7219.462890625,"-global_quality 25 -look_ahead 1 -bf 16 -refs 9 -min_qp_i 26 -min_qp_p 37 -min_qp_b 37",12.759155988693237,"00:00:12",0.5776504005155685,9.406578311790994,0.9778,0.994384,73.138533,95.684561
51,"h264_qsv","h264_qsv_LA-ICQ","veryslow",4,"-hwaccel qsv -c:v mpeg2_qsv","videos/dist/h264_qsv_min_qp_2/679054ac44a0",107448.8701171875,7162.0634765625,"-global_quality 25 -look_ahead 1 -bf 16 -refs 9 -min_qp_i 27 -min_qp_p 25 -min_qp_b 25",12.747581720352173,"00:00:12",0.5810083310107986,9.415119089480466,0.977528,0.994084,72.880796,95.504919
52,"h264_qsv","h264_qsv_LA-ICQ","veryslow",4,"-hwaccel qsv -c:v mpeg2_qsv","videos/dist/h264_qsv_min_qp_2/5a764236fa4e",107448.8701171875,7162.0634765625,"-global_quality 25 -look_ahead 1 -bf 16 -refs 9 -min_qp_i 27 -min_qp_p 25 -min_qp_b 28",12.737536430358887,"00:00:12",0.5810083310107986,9.422544198887788,0.977528,0.994084,72.880796,95.504919
53,"h264_qsv","h264_qsv_LA-ICQ","veryslow",4,"-hwaccel qsv -c:v mpeg2_qsv","videos/dist/h264_qsv_min_qp_2/5df49b419687",107448.8701171875,7162.0634765625,"-global_quality 25 -look_ahead 1 -bf 16 -refs 9 -min_qp_i 27 -min_qp_p 25 -min_qp_b 31",12.747572422027588,"00:00:12",0.5810083310107986,9.415125957049476,0.977528,0.994084,72.880796,95.504919
54,"h264_qsv","h264_qsv_LA-ICQ","veryslow",4,"-hwaccel qsv -c:v mpeg2_qsv","videos/dist/h264_qsv_min_qp_2/ae7a26008c87",107448.8701171875,7162.0634765625,"-global_quality 25 -look_ahead 1 -bf 16 -refs 9 -min_qp_i 27 -min_qp_p 25 -min_qp_b 34",12.75699496269226,"00:00:12",0.5810083310107986,9.408171779560751,0.977528,0.994084,72.880796,95.504919
55,"h264_qsv","h264_qsv_LA-ICQ","veryslow",4,"-hwaccel qsv -c:v mpeg2_qsv","videos/dist/h264_qsv_min_qp_2/8b8358fc0644",107448.8701171875,7162.0634765625,"-global_quality 25 -look_ahead 1 -bf 16 -refs 9 -min_qp_i 27 -min_qp_p 25 -min_qp_b 37",12.747604608535767,"00:00:12",0.5810083310107986,9.415102184737899,0.977528,0.994084,72.880796,95.504919
56,"h264_qsv","h264_qsv_LA-ICQ","veryslow",4,"-hwaccel qsv -c:v mpeg2_qsv","videos/dist/h264_qsv_min_qp_2/8ae4aa780f5f",107448.8701171875,7162.0634765625,"-global_quality 25 -look_ahead 1 -bf 16 -refs 9 -min_qp_i 27 -min_qp_p 28 -min_qp_b 25",12.74031949043274,"00:00:12",0.5810083310107986,9.420485890493424,0.977528,0.994084,72.880796,95.504919
57,"h264_qsv","h264_qsv_LA-ICQ","veryslow",4,"-hwaccel qsv -c:v mpeg2_qsv","videos/dist/h264_qsv_min_qp_2/8affc2cdaa3b",107448.8701171875,7162.0634765625,"-global_quality 25 -look_ahead 1 -bf 16 -refs 9 -min_qp_i 27 -min_qp_p 28 -min_qp_b 28",12.746971130371094,"00:00:12",0.5810083310107986,9.415570081118238,0.977528,0.994084,72.880796,95.504919
58,"h264_qsv","h264_qsv_LA-ICQ","veryslow",4,"-hwaccel qsv -c:v mpeg2_qsv","videos/dist/h264_qsv_min_qp_2/1931781e6cd5",107448.8701171875,7162.0634765625,"-global_quality 25 -look_ahead 1 -bf 16 -refs 9 -min_qp_i 27 -min_qp_p 28 -min_qp_b 31",12.750499725341797,"00:00:12",0.5810083310107986,9.412964400246883,0.977528,0.994084,72.880796,95.504919
59,"h264_qsv","h264_qsv_LA-ICQ","veryslow",4,"-hwaccel qsv -c:v mpeg2_qsv","videos/dist/h264_qsv_min_qp_2/7cec88277d1a",107448.8701171875,7162.0634765625,"-global_quality 25 -look_ahead 1 -bf 16 -refs 9 -min_qp_i 27 -min_qp_p 28 -min_qp_b 34",12.743445634841919,"00:00:12",0.5810083310107986,9.418174914314596,0.977528,0.994084,72.880796,95.504919
60,"h264_qsv","h264_qsv_LA-ICQ","veryslow",4,"-hwaccel qsv -c:v mpeg2_qsv","videos/dist/h264_qsv_min_qp_2/3a4734b5f9f3",107448.8701171875,7162.0634765625,"-global_quality 25 -look_ahead 1 -bf 16 -refs 9 -min_qp_i 27 -min_qp_p 28 -min_qp_b 37",12.74745488166809,"00:00:12",0.5810083310107986,9.415212771029205,0.977528,0.994084,72.880796,95.504919
61,"h264_qsv","h264_qsv_LA-ICQ","veryslow",4,"-hwaccel qsv -c:v mpeg2_qsv","videos/dist/h264_qsv_min_qp_2/9d74a62eb4c6",107448.8701171875,7162.0634765625,"-global_quality 25 -look_ahead 1 -bf 16 -refs 9 -min_qp_i 27 -min_qp_p 31 -min_qp_b 25",12.745258808135986,"00:00:12",0.5810083310107986,9.416835060531275,0.977528,0.994084,72.880796,95.504919
62,"h264_qsv","h264_qsv_LA-ICQ","veryslow",4,"-hwaccel qsv -c:v mpeg2_qsv","videos/dist/h264_qsv_min_qp_2/fee9aaae43b7",107448.8701171875,7162.0634765625,"-global_quality 25 -look_ahead 1 -bf 16 -refs 9 -min_qp_i 27 -min_qp_p 31 -min_qp_b 28",12.752076864242554,"00:00:12",0.5810083310107986,9.41180023283438,0.977528,0.994084,72.880796,95.504919
63,"h264_qsv","h264_qsv_LA-ICQ","veryslow",4,"-hwaccel qsv -c:v mpeg2_qsv","videos/dist/h264_qsv_min_qp_2/0a7593fb6cae",107448.8701171875,7162.0634765625,"-global_quality 25 -look_ahead 1 -bf 16 -refs 9 -min_qp_i 27 -min_qp_p 31 -min_qp_b 31",12.749327421188354,"00:00:12",0.5810083310107986,9.413829924905405,0.977528,0.994084,72.880796,95.504919
64,"h264_qsv","h264_qsv_LA-ICQ","veryslow",4,"-hwaccel qsv -c:v mpeg2_qsv","videos/dist/h264_qsv_min_qp_2/d781e1994bb4",107448.8701171875,7162.0634765625,"-global_quality 25 -look_ahead 1 -bf 16 -refs 9 -min_qp_i 27 -min_qp_p 31 -min_qp_b 34",12.754441022872925,"00:00:12",0.5810083310107986,9.410055664906404,0.977528,0.994084,72.880796,95.504919
65,"h264_qsv","h264_qsv_LA-ICQ","veryslow",4,"-hwaccel qsv -c:v mpeg2_qsv","videos/dist/h264_qsv_min_qp_2/1f5805d61c21",107448.8701171875,7162.0634765625,"-global_quality 25 -look_ahead 1 -bf 16 -refs 9 -min_qp_i 27 -min_qp_p 31 -min_qp_b 37",12.75271463394165,"00:00:12",0.5810083310107986,9.41132954395168,0.977528,0.994084,72.880796,95.504919
66,"h264_qsv","h264_qsv_LA-ICQ","veryslow",4,"-hwaccel qsv -c:v mpeg2_qsv","videos/dist/h264_qsv_min_qp_2/d350609fc7c8",107448.8701171875,7162.0634765625,"-global_quality 25 -look_ahead 1 -bf 16 -refs 9 -min_qp_i 27 -min_qp_p 34 -min_qp_b 25",12.75212049484253,"00:00:12",0.5810083310107986,9.41176803093579,0.977528,0.994084,72.880796,95.504919
67,"h264_qsv","h264_qsv_LA-ICQ","veryslow",4,"-hwaccel qsv -c:v mpeg2_qsv","videos/dist/h264_qsv_min_qp_2/816a1f9dab4e",107448.8701171875,7162.0634765625,"-global_quality 25 -look_ahead 1 -bf 16 -refs 9 -min_qp_i 27 -min_qp_p 34 -min_qp_b 28",12.746910810470581,"00:00:12",0.5810083310107986,9.415614636717551,0.977528,0.994084,72.880796,95.504919
68,"h264_qsv","h264_qsv_LA-ICQ","veryslow",4,"-hwaccel qsv -c:v mpeg2_qsv","videos/dist/h264_qsv_min_qp_2/555aa6994a11",107448.8701171875,7162.0634765625,"-global_quality 25 -look_ahead 1 -bf 16 -refs 9 -min_qp_i 27 -min_qp_p 34 -min_qp_b 31",12.74689245223999,"00:00:12",0.5810083310107986,9.415628197201043,0.977528,0.994084,72.880796,95.504919
69,"h264_qsv","h264_qsv_LA-ICQ","veryslow",4,"-hwaccel qsv -c:v mpeg2_qsv","videos/dist/h264_qsv_min_qp_2/b4fcc1aea8ac",107448.8701171875,7162.0634765625,"-global_quality 25 -look_ahead 1 -bf 16 -refs 9 -min_qp_i 27 -min_qp_p 34 -min_qp_b 34",12.756183624267578,"00:00:12",0.5810083310107986,9.40877017258296,0.977528,0.994084,72.880796,95.504919
70,"h264_qsv","h264_qsv_LA-ICQ","veryslow",4,"-hwaccel qsv -c:v mpeg2_qsv","videos/dist/h264_qsv_min_qp_2/a7214b042f31",107448.8701171875,7162.0634765625,"-global_quality 25 -look_ahead 1 -bf 16 -refs 9 -min_qp_i 27 -min_qp_p 34 -min_qp_b 37",12.753762483596802,"00:00:12",0.5810083310107986,9.410556308725619,0.977528,0.994084,72.880796,95.504919
71,"h264_qsv","h264_qsv_LA-ICQ","veryslow",4,"-hwaccel qsv -c:v mpeg2_qsv","videos/dist/h264_qsv_min_qp_2/205e2d0f29a2",107448.8701171875,7162.0634765625,"-global_quality 25 -look_ahead 1 -bf 16 -refs 9 -min_qp_i 27 -min_qp_p 37 -min_qp_b 25",12.753575325012207,"00:00:12",0.5810083310107986,9.41069440854109,0.977528,0.994084,72.880796,95.504919
72,"h264_qsv","h264_qsv_LA-ICQ","veryslow",4,"-hwaccel qsv -c:v mpeg2_qsv","videos/dist/h264_qsv_min_qp_2/5c023c0d4174",107448.8701171875,7162.0634765625,"-global_quality 25 -look_ahead 1 -bf 16 -refs 9 -min_qp_i 27 -min_qp_p 37 -min_qp_b 28",12.741815567016602,"00:00:12",0.5810083310107986,9.419379786871437,0.977528,0.994084,72.880796,95.504919
73,"h264_qsv","h264_qsv_LA-ICQ","veryslow",4,"-hwaccel qsv -c:v mpeg2_qsv","videos/dist/h264_qsv_min_qp_2/d3ef6f2b9088",107448.8701171875,7162.0634765625,"-global_quality 25 -look_ahead 1 -bf 16 -refs 9 -min_qp_i 27 -min_qp_p 37 -min_qp_b 31",12.751239776611328,"00:00:12",0.5810083310107986,9.412418094446311,0.977528,0.994084,72.880796,95.504919
74,"h264_qsv","h264_qsv_LA-ICQ","veryslow",4,"-hwaccel qsv -c:v mpeg2_qsv","videos/dist/h264_qsv_min_qp_2/1fe7985f4a93",107448.8701171875,7162.0634765625,"-global_quality 25 -look_ahead 1 -bf 16 -refs 9 -min_qp_i 27 -min_qp_p 37 -min_qp_b 34",12.74024748802185,"00:00:12",0.5810083310107986,9.420539131036554,0.977528,0.994084,72.880796,95.504919
75,"h264_qsv","h264_qsv_LA-ICQ","veryslow",4,"-hwaccel qsv -c:v mpeg2_qsv","videos/dist/h264_qsv_min_qp_2/e8dbb70f846a",107448.8701171875,7162.0634765625,"-global_quality 25 -look_ahead 1 -bf 16 -refs 9 -min_qp_i 27 -min_qp_p 37 -min_qp_b 37",12.743770122528076,"00:00:12",0.5810083310107986,9.417935104450137,0.977528,0.994084,72.880796,95.504919
76,"h264_qsv","h264_qsv_LA-ICQ","veryslow",4,"-hwaccel qsv -c:v mpeg2_qsv","videos/dist/h264_qsv_min_qp_2/e6ab31bc1fd7",102625.9306640625,6840.587890625,"-global_quality 25 -look_ahead 1 -bf 16 -refs 9 -min_qp_i 28 -min_qp_p 25 -min_qp_b 25",12.718274116516113,"00:00:12",0.5998151500000983,9.436815003392677,0.977041,0.993431,71.417141,95.149776
77,"h264_qsv","h264_qsv_LA-ICQ","veryslow",4,"-hwaccel qsv -c:v mpeg2_qsv","videos/dist/h264_qsv_min_qp_2/27a03995ea9d",102625.9306640625,6840.587890625,"-global_quality 25 -look_ahead 1 -bf 16 -refs 9 -min_qp_i 28 -min_qp_p 25 -min_qp_b 28",12.717130661010742,"00:00:12",0.5998151500000983,9.437663510682286,0.977041,0.993431,71.417141,95.149776
78,"h264_qsv","h264_qsv_LA-ICQ","veryslow",4,"-hwaccel qsv -c:v mpeg2_qsv","videos/dist/h264_qsv_min_qp_2/f573d84f180a",102625.9306640625,6840.587890625,"-global_quality 25 -look_ahead 1 -bf 16 -refs 9 -min_qp_i 28 -min_qp_p 25 -min_qp_b 31",12.717473983764648,"00:00:12",0.5998151500000983,9.437408730162895,0.977041,0.993431,71.417141,95.149776
79,"h264_qsv","h264_qsv_LA-ICQ","veryslow",4,"-hwaccel qsv -c:v mpeg2_qsv","videos/dist/h264_qsv_min_qp_2/c3a5b5efce7d",102625.9306640625,6840.587890625,"-global_quality 25 -look_ahead 1 -bf 16 -refs 9 -min_qp_i 28 -min_qp_p 25 -min_qp_b 34",12.716472148895264,"00:00:12",0.5998151500000983,9.438152232372614,0.977041,0.993431,71.417141,95.149776
80,"h264_qsv","h264_qsv_LA-ICQ","veryslow",4,"-hwaccel qsv -c:v mpeg2_qsv","videos/dist/h264_qsv_min_qp_2/8ad75f6a02a1",102625.9306640625,6840.587890625,"-global_quality 25 -look_ahead 1 -bf 16 -refs 9 -min_qp_i 28 -min_qp_p 25 -min_qp_b 37",12.722824811935425,"00:00:12",0.5998151500000983,9.433439646784093,0.977041,0.993431,71.417141,95.149776
81,"h264_qsv","h264_qsv_LA-ICQ","veryslow",4,"-hwaccel qsv -c:v mpeg2_qsv","videos/dist/h264_qsv_min_qp_2/1b0b4b979ca3",102625.9306640625,6840.587890625,"-global_quality 25 -look_ahead 1 -bf 16 -refs 9 -min_qp_i 28 -min_qp_p 28 -min_qp_b 25",12.720568180084229,"00:00:12",0.5998151500000983,9.435113141243766,0.977041,0.993431,71.417141,95.149776
82,"h264_qsv","h264_qsv_LA-ICQ","veryslow",4,"-hwaccel qsv -c:v mpeg2_qsv","videos/dist/h264_qsv_min_qp_2/1246b4e3cc41",102625.9306640625,6840.587890625,"-global_quality 25 -look_ahead 1 -bf 16 -refs 9 -min_qp_i 28 -min_qp_p 28 -min_qp_b 28",12.714281558990479,"00:00:12",0.5998151500000983,9.439778366016432,0.977041,0.993431,71.417141,95.149776
83,"h264_qsv","h264_qsv_LA-ICQ","veryslow",4,"-hwaccel qsv -c:v mpeg2_qsv","videos/dist/h264_qsv_min_qp_2/8f316e9e3e92",102625.9306640625,6840.587890625,"-global_quality 25 -look_ahead 1 -bf 16 -refs 9 -min_qp_i 28 -min_qp_p 28 -min_qp_b 31",12.721385955810547,"00:00:12",0.5998151500000983,9.434506618768244,0.977041,0.993431,71.417141,95.149776
84,"h264_qsv","h264_qsv_LA-ICQ","veryslow",4,"-hwaccel qsv -c:v mpeg2_qsv","videos/dist/h264_qsv_min_qp_2/1dbab1635a7f",102625.9306640625,6840.587890625,"-global_quality 25 -look_ahead 1 -bf 16 -refs 9 -min_qp_i 28 -min_qp_p 28 -min_qp_b 34",12.720500469207764,"00:00:12",0.5998151500000983,9.435163364093242,0.977041,0.993431,71.417141,95.149776
85,"h264_qsv","h264_qsv_LA-ICQ","veryslow",4,"-hwaccel qsv -c:v mpeg2_qsv","videos/dist/h264_qsv_min_qp_2/4b5b7093b253",102625.9306640625,6840.587890625,"-global_quality 25 -look_ahead 1 -bf 16 -refs 9 -min_qp_i 28 -min_qp_p 28 -min_qp_b 37",12.723037004470825,"00:00:12",0.5998151500000983,9.433282317565014,0.977041,0.993431,71.417141,95.149776
86,"h264_qsv","h264_qsv_LA-ICQ","veryslow",4,"-hwaccel qsv -c:v mpeg2_qsv","videos/dist/h264_qsv_min_qp_2/993545182389",102625.9306640625,6840.587890625,"-global_quality 25 -look_ahead 1 -bf 16 -refs 9 -min_qp_i 28 -min_qp_p 31 -min_qp_b 25",12.722115278244019,"00:00:12",0.5998151500000983,9.433965765523693,0.977041,0.993431,71.417141,95.149776
87,"h264_qsv","h264_qsv_LA-ICQ","veryslow",4,"-hwaccel qsv -c:v mpeg2_qsv","videos/dist/h264_qsv_min_qp_2/6c94fdcf5a4f",102625.9306640625,6840.587890625,"-global_quality 25 -look_ahead 1 -bf 16 -refs 9 -min_qp_i 28 -min_qp_p 31 -min_qp_b 28",12.711302518844604,"00:00:12",0.5998151500000983,9.441990686797785,0.977041,0.993431,71.417141,95.149776
88,"h264_qsv","h264_qsv_LA-ICQ","veryslow",4,"-hwaccel qsv -c:v mpeg2_qsv","videos/dist/h264_qsv_min_qp_2/2fc8566a4a1e",102625.9306640625,6840.587890625,"-global_quality 25 -look_ahead 1 -bf 16 -refs 9 -min_qp_i 28 -min_qp_p 31 -min_qp_b 31",12.720107078552246,"00:00:12",0.5998151500000983,9.435455162352314,0.977041,0.993431,71.417141,95.149776
89,"h264_qsv","h264_qsv_LA-ICQ","veryslow",4,"-hwaccel qsv -c:v mpeg2_qsv","videos/dist/h264_qsv_min_qp_2/91b3edff7373",102625.9306640625,6840.587890625,"-global_quality 25 -look_ahead 1 -bf 16 -refs 9 -min_qp_i 28 -min_qp_p 31 -min_qp_b 34",12.720119714736938,"00:00:12",0.5998151500000983,9.435445789157976,0.977041,0.993431,71.417141,95.149776
90,"h264_qsv","h264_qsv_LA-ICQ","veryslow",4,"-hwaccel qsv -c:v mpeg2_qsv","videos/dist/h264_qsv_min_qp_2/dd09285f728d",102625.9306640625,6840.587890625,"-global_quality 25 -look_ahead 1 -bf 16 -refs 9 -min_qp_i 28 -min_qp_p 31 -min_qp_b 37",12.719762563705444,"00:00:12",0.5998151500000983,9.43571072171307,0.977041,0.993431,71.417141,95.149776
91,"h264_qsv","h264_qsv_LA-ICQ","veryslow",4,"-hwaccel qsv -c:v mpeg2_qsv","videos/dist/h264_qsv_min_qp_2/c76a04c7a6ae",102625.9306640625,6840.587890625,"-global_quality 25 -look_ahead 1 -bf 16 -refs 9 -min_qp_i 28 -min_qp_p 34 -min_qp_b 25",12.727094411849976,"00:00:12",0.5998151500000983,9.430274979986907,0.977041,0.993431,71.417141,95.149776
92,"h264_qsv","h264_qsv_LA-ICQ","veryslow",4,"-hwaccel qsv -c:v mpeg2_qsv","videos/dist/h264_qsv_min_qp_2/56dee30f9e0b",102625.9306640625,6840.587890625,"-global_quality 25 -look_ahead 1 -bf 16 -refs 9 -min_qp_i 28 -min_qp_p 34 -min_qp_b 28",12.722947835922241,"00:00:12",0.5998151500000983,9.433348430552625,0.977041,0.993431,71.417141,95.149776
93,"h264_qsv","h264_qsv_LA-ICQ","veryslow",4,"-hwaccel qsv -c:v mpeg2_qsv","videos/dist/h264_qsv_min_qp_2/ee59d492cc44",102625.9306640625,6840.587890625,"-global_quality 25 -look_ahead 1 -bf 16 -refs 9 -min_qp_i 28 -min_qp_p 34 -min_qp_b 31",12.721230030059814,"00:00:12",0.5998151500000983,9.43462225872789,0.977041,0.993431,71.417141,95.149776
94,"h264_qsv","h264_qsv_LA-ICQ","veryslow",4,"-hwaccel qsv -c:v mpeg2_qsv","videos/dist/h264_qsv_min_qp_2/a72236215ffb",102625.9306640625,6840.587890625,"-global_quality 25 -look_ahead 1 -bf 16 -refs 9 -min_qp_i 28 -min_qp_p 34 -min_qp_b 34",12.723965644836426,"00:00:12",0.5998151500000983,9.43259384299783,0.977041,0.993431,71.417141,95.149776
95,"h264_qsv","h264_qsv_LA-ICQ","veryslow",4,"-hwaccel qsv -c:v mpeg2_qsv","videos/dist/h264_qsv_min_qp_2/278ef6a1c0e8",102625.9306640625,6840.587890625,"-global_quality 25 -look_ahead 1 -bf 16 -refs 9 -min_qp_i 28 -min_qp_p 34 -min_qp_b 37",12.726242542266846,"00:00:12",0.5998151500000983,9.430906224000159,0.977041,0.993431,71.417141,95.149776
96,"h264_qsv","h264_qsv_LA-ICQ","veryslow",4,"-hwaccel qsv -c:v mpeg2_qsv","videos/dist/h264_qsv_min_qp_2/d2de2f87448c",102625.9306640625,6840.587890625,"-global_quality 25 -look_ahead 1 -bf 16 -refs 9 -min_qp_i 28 -min_qp_p 37 -min_qp_b 25",12.72037386894226,"00:00:12",0.5998151500000983,9.4352572681089,0.977041,0.993431,71.417141,95.149776
97,"h264_qsv","h264_qsv_LA-ICQ","veryslow",4,"-hwaccel qsv -c:v mpeg2_qsv","videos/dist/h264_qsv_min_qp_2/9bff2548286b",102625.9306640625,6840.587890625,"-global_quality 25 -look_ahead 1 -bf 16 -refs 9 -min_qp_i 28 -min_qp_p 37 -min_qp_b 28",12.717288494110107,"00:00:12",0.5998151500000983,9.437546380707344,0.977041,0.993431,71.417141,95.149776
98,"h264_qsv","h264_qsv_LA-ICQ","veryslow",4,"-hwaccel qsv -c:v mpeg2_qsv","videos/dist/h264_qsv_min_qp_2/71bdc6f49b71",102625.9306640625,6840.587890625,"-global_quality 25 -look_ahead 1 -bf 16 -refs 9 -min_qp_i 28 -min_qp_p 37 -min_qp_b 31",12.729516506195068,"00:00:12",0.5998151500000983,9.428480645088909,0.977041,0.993431,71.417141,95.149776
99,"h264_qsv","h264_qsv_LA-ICQ","veryslow",4,"-hwaccel qsv -c:v mpeg2_qsv","videos/dist/h264_qsv_min_qp_2/e1caf6285468",102625.9306640625,6840.587890625,"-global_quality 25 -look_ahead 1 -bf 16 -refs 9 -min_qp_i 28 -min_qp_p 37 -min_qp_b 34",12.723305463790894,"00:00:12",0.5998151500000983,9.433083277106213,0.977041,0.993431,71.417141,95.149776
100,"h264_qsv","h264_qsv_LA-ICQ","veryslow",4,"-hwaccel qsv -c:v mpeg2_qsv","videos/dist/h264_qsv_min_qp_2/7bf7d442fa78",102625.9306640625,6840.587890625,"-global_quality 25 -look_ahead 1 -bf 16 -refs 9 -min_qp_i 28 -min_qp_p 37 -min_qp_b 37",12.72450590133667,"00:00:12",0.5998151500000983,9.432193354351957,0.977041,0.993431,71.417141,95.149776
101,"h264_qsv","h264_qsv_LA-ICQ","veryslow",4,"-hwaccel qsv -c:v mpeg2_qsv","videos/dist/h264_qsv_min_qp_2/2a5c6c2810f0",98810.3837890625,6586.2607421875,"-global_quality 25 -look_ahead 1 -bf 16 -refs 9 -min_qp_i 29 -min_qp_p 25 -min_qp_b 25",12.697724342346191,"00:00:12",0.6146936903841824,9.452087379132976,0.976686,0.992742,70.160659,94.689284
102,"h264_qsv","h264_qsv_LA-ICQ","veryslow",4,"-hwaccel qsv -c:v mpeg2_qsv","videos/dist/h264_qsv_min_qp_2/8fc20044eff9",98810.3837890625,6586.2607421875,"-global_quality 25 -look_ahead 1 -bf 16 -refs 9 -min_qp_i 29 -min_qp_p 25 -min_qp_b 28",12.692692041397095,"00:00:12",0.6146936903841824,9.455834870061915,0.976686,0.992742,70.160659,94.689284
103,"h264_qsv","h264_qsv_LA-ICQ","veryslow",4,"-hwaccel qsv -c:v mpeg2_qsv","videos/dist/h264_qsv_min_qp_2/5a8a149f9d96",98810.3837890625,6586.2607421875,"-global_quality 25 -look_ahead 1 -bf 16 -refs 9 -min_qp_i 29 -min_qp_p 25 -min_qp_b 31",12.699989795684814,"00:00:12",0.6146936903841824,9.450401294084521,0.976686,0.992742,70.160659,94.689284
104,"h264_qsv","h264_qsv_LA-ICQ","veryslow",4,"-hwaccel qsv -c:v mpeg2_qsv","videos/dist/h264_qsv_min_qp_2/7ce954d70f89",98810.3837890625,6586.2607421875,"-global_quality 25 -look_ahead 1 -bf 16 -refs 9 -min_qp_i 29 -min_qp_p 25 -min_qp_b 34",12.69710087776184,"00:00:12",0.6146936903841824,9.452551504115979,0.976686,0.992742,70.160659,94.689284
105,"h264_qsv","h264_qsv_LA-ICQ","veryslow",4,"-hwaccel qsv -c:v mpeg2_qsv","videos/dist/h264_qsv_min_qp_2/6249fcb4f56f",98810.3837890625,6586.2607421875,"-global_quality 25 -look_ahead 1 -bf 16 -refs 9 -min_qp_i 29 -min_qp_p 25 -min_qp_b 37",12.700175046920776,"00:00:12",0.6146936903841824,9.450263445707346,0.976686,0.992742,70.160659,94.689284
106,"h264_qsv","h264_qsv_LA-ICQ","veryslow",4,"-hwaccel qsv -c:v mpeg2_qsv","videos/dist/h264_qsv_min_qp_2/6a1bfda76532",98810.3837890625,6586.2607421875,"-global_quality 25 -look_ahead 1 -bf 16 -refs 9 -min_qp_i 29 -min_qp_p 28 -min_qp_b 25",12.70463252067566,"00:00:12",0.6146936903841824,9.446947781030119,0.976686,0.992742,70.160659,94.689284
107,"h264_qsv","h264_qsv_LA-ICQ","veryslow",4,"-hwaccel qsv -c:v mpeg2_qsv","videos/dist/h264_qsv_min_qp_2/a4e40c6de5c0",98810.3837890625,6586.2607421875,"-global_quality 25 -look_ahead 1 -bf 16 -refs 9 -min_qp_i 29 -min_qp_p 28 -min_qp_b 28",12.704682350158691,"00:00:12",0.6146936903841824,9.446910728822814,0.976686,0.992742,70.160659,94.689284
108,"h264_qsv","h264_qsv_LA-ICQ","veryslow",4,"-hwaccel qsv -c:v mpeg2_qsv","videos/dist/h264_qsv_min_qp_2/e049b405c810",98810.3837890625,6586.2607421875,"-global_quality 25 -look_ahead 1 -bf 16 -refs 9 -min_qp_i 29 -min_qp_p 28 -min_qp_b 31",12.717648983001709,"00:00:12",0.6146936903841824,9.43727886816326,0.976686,0.992742,70.160659,94.689284
109,"h264_qsv","h264_qsv_LA-ICQ","veryslow",4,"-hwaccel qsv -c:v mpeg2_qsv","videos/dist/h264_qsv_min_qp_2/ba10943bbf49",98810.3837890625,6586.2607421875,"-global_quality 25 -look_ahead 1 -bf 16 -refs 9 -min_qp_i 29 -min_qp_p 28 -min_qp_b 34",12.711201667785645,"00:00:12",0.6146936903841824,9.442065599837823,0.976686,0.992742,70.160659,94.689284
110,"h264_qsv","h264_qsv_LA-ICQ","veryslow",4,"-hwaccel qsv -c:v mpeg2_qsv","videos/dist/h264_qsv_min_qp_2/d258185acfa8",98810.3837890625,6586.2607421875,"-global_quality 25 -look_ahead 1 -bf 16 -refs 9 -min_qp_i 29 -min_qp_p 28 -min_qp_b 37",12.704163789749146,"00:00:12",0.6146936903841824,9.447296334202088,0.976686,0.992742,70.160659,94.689284
111,"h264_qsv","h264_qsv_LA-ICQ","veryslow",4,"-hwaccel qsv -c:v mpeg2_qsv","videos/dist/h264_qsv_min_qp_2/b5b2724b0e8b",98810.3837890625,6586.2607421875,"-global_quality 25 -look_ahead 1 -bf 16 -refs 9 -min_qp_i 29 -min_qp_p 31 -min_qp_b 25",12.70947813987732,"00:00:12",0.6146936903841824,9.44334603506848,0.976686,0.992742,70.160659,94.689284
112,"h264_qsv","h264_qsv_LA-ICQ","veryslow",4,"-hwaccel qsv -c:v mpeg2_qsv","videos/dist/h264_qsv_min_qp_2/0cca5bb8f7fb",98810.3837890625,6586.2607421875,"-global_quality 25 -look_ahead 1 -bf 16 -refs 9 -min_qp_i 29 -min_qp_p 31 -min_qp_b 28",12.706665277481079,"00:00:12",0.6146936903841824,9.445436499590576,0.976686,0.992742,70.160659,94.689284
113,"h264_qsv","h264_qsv_LA-ICQ","veryslow",4,"-hwaccel qsv -c:v mpeg2_qsv","videos/dist/h264_qsv_min_qp_2/46dd588c6133",98810.3837890625,6586.2607421875,"-global_quality 25 -look_ahead 1 -bf 16 -refs 9 -min_qp_i 29 -min_qp_p 31 -min_qp_b 31",12.706003427505493,"00:00:12",0.6146936903841824,9.445928508108622,0.976686,0.992742,70.160659,94.689284
114,"h264_qsv","h264_qsv_LA-ICQ","veryslow",4,"-hwaccel qsv -c:v mpeg2_qsv","videos/dist/h264_qsv_min_qp_2/7654df082358",98810.3837890625,6586.2607421875,"-global_quality 25 -look_ahead 1 -bf 16 -refs 9 -min_qp_i 29 -min_qp_p 31 -min_qp_b 34",12.709302425384521,"00:00:12",0.6146936903841824,9.443476595559003,0.976686,0.992742,70.160659,94.689284
115,"h264_qsv","h264_qsv_LA-ICQ","veryslow",4,"-hwaccel qsv -c:v mpeg2_qsv","videos/dist/h264_qsv_min_qp_2/068dc827e12d",98810.3837890625,6586.2607421875,"-global_quality 25 -look_ahead 1 -bf 16 -refs 9 -min_qp_i 29 -min_qp_p 31 -min_qp_b 37",12.704668998718262,"00:00:12",0.6146936903841824,9.446920656658467,0.976686,0.992742,70.160659,94.689284
116,"h264_qsv","h264_qsv_LA-ICQ","veryslow",4,"-hwaccel qsv -c:v mpeg2_qsv","videos/dist/h264_qsv_min_qp_2/79cfc7e188b4",98810.3837890625,6586.2607421875,"-global_quality 25 -look_ahead 1 -bf 16 -refs 9 -min_qp_i 29 -min_qp_p 34 -min_qp_b 25",12.707768201828003,"00:00:12",0.6146936903841824,9.444616717413464,0.976686,0.992742,70.160659,94.689284
117,"h264_qsv","h264_qsv_LA-ICQ","veryslow",4,"-hwaccel qsv -c:v mpeg2_qsv","videos/dist/h264_qsv_min_qp_2/4db96de60025",98810.3837890625,6586.2607421875,"-global_quality 25 -look_ahead 1 -bf 16 -refs 9 -min_qp_i 29 -min_qp_p 34 -min_qp_b 28",12.717952728271484,"00:00:12",0.6146936903841824,9.437053475847609,0.976686,0.992742,70.160659,94.689284
118,"h264_qsv","h264_qsv_LA-ICQ","veryslow",4,"-hwaccel qsv -c:v mpeg2_qsv","videos/dist/h264_qsv_min_qp_2/b1225e2ae040",98810.3837890625,6586.2607421875,"-global_quality 25 -look_ahead 1 -bf 16 -refs 9 -min_qp_i 29 -min_qp_p 34 -min_qp_b 31",12.703331470489502,"00:00:12",0.6146936903841824,9.447915318813234,0.976686,0.992742,70.160659,94.689284
119,"h264_qsv","h264_qsv_LA-ICQ","veryslow",4,"-hwaccel qsv -c:v mpeg2_qsv","videos/dist/h264_qsv_min_qp_2/a306b903ef15",98810.3837890625,6586.2607421875,"-global_quality 25 -look_ahead 1 -bf 16 -refs 9 -min_qp_i 29 -min_qp_p 34 -min_qp_b 34",12.70368242263794,"00:00:12",0.6146936903841824,9.447654310542632,0.976686,0.992742,70.160659,94.689284
120,"h264_qsv","h264_qsv_LA-ICQ","veryslow",4,"-hwaccel qsv -c:v mpeg2_qsv","videos/dist/h264_qsv_min_qp_2/274fe04f82e5",98810.3837890625,6586.2607421875,"-global_quality 25 -look_ahead 1 -bf 16 -refs 9 -min_qp_i 29 -min_qp_p 34 -min_qp_b 37",12.70689058303833,"00:00:12",0.6146936903841824,9.445269022793628,0.976686,0.992742,70.160659,94.689284
121,"h264_qsv","h264_qsv_LA-ICQ","veryslow",4,"-hwaccel qsv -c:v mpeg2_qsv","videos/dist/h264_qsv_min_qp_2/37ff5c8ba1b8",98810.3837890625,6586.2607421875,"-global_quality 25 -look_ahead 1 -bf 16 -refs 9 -min_qp_i 29 -min_qp_p 37 -min_qp_b 25",12.701564311981201,"00:00:12",0.6146936903841824,9.449229799733162,0.976686,0.992742,70.160659,94.689284
122,"h264_qsv","h264_qsv_LA-ICQ","veryslow",4,"-hwaccel qsv -c:v mpeg2_qsv","videos/dist/h264_qsv_min_qp_2/e8bb69fdb04f",98810.3837890625,6586.2607421875,"-global_quality 25 -look_ahead 1 -bf 16 -refs 9 -min_qp_i 29 -min_qp_p 37 -min_qp_b 28",12.706692218780518,"00:00:12",0.6146936903841824,9.44541647295196,0.976686,0.992742,70.160659,94.689284
123,"h264_qsv","h264_qsv_LA-ICQ","veryslow",4,"-hwaccel qsv -c:v mpeg2_qsv","videos/dist/h264_qsv_min_qp_2/84c0ed5ead35",98810.3837890625,6586.2607421875,"-global_quality 25 -look_ahead 1 -bf 16 -refs 9 -min_qp_i 29 -min_qp_p 37 -min_qp_b 31",12.698013544082642,"00:00:12",0.6146936903841824,9.451872104509615,0.976686,0.992742,70.160659,94.689284
124,"h264_qsv","h264_qsv_LA-ICQ","veryslow",4,"-hwaccel qsv -c:v mpeg2_qsv","videos/dist/h264_qsv_min_qp_2/26b6dda25c3b",98810.3837890625,6586.2607421875,"-global_quality 25 -look_ahead 1 -bf 16 -refs 9 -min_qp_i 29 -min_qp_p 37 -min_qp_b 34",12.69894003868103,"00:00:12",0.6146936903841824,9.451182510856695,0.976686,0.992742,70.160659,94.689284
125,"h264_qsv","h264_qsv_LA-ICQ","veryslow",4,"-hwaccel qsv -c:v mpeg2_qsv","videos/dist/h264_qsv_min_qp_2/9d8d6c829839",98810.3837890625,6586.2607421875,"-global_quality 25 -look_ahead 1 -bf 16 -refs 9 -min_qp_i 29 -min_qp_p 37 -min_qp_b 37",12.697538614273071,"00:00:12",0.6146936903841824,9.452225635690345,0.976686,0.992742,70.160659,94.689284
126,"h264_qsv","h264_qsv_LA-ICQ","veryslow",4,"-hwaccel qsv -c:v mpeg2_qsv","videos/dist/h264_qsv_min_qp_2/aeee0af6c8c5",90632.8740234375,6041.1845703125,"-global_quality 25 -look_ahead 1 -bf 16 -refs 9 -min_qp_i 30 -min_qp_p 25 -min_qp_b 25",12.654472351074219,"00:00:12",0.6465814939612499,9.484393870425714,0.975806,0.991664,68.602832,93.941815
127,"h264_qsv","h264_qsv_LA-ICQ","veryslow",4,"-hwaccel qsv -c:v mpeg2_qsv","videos/dist/h264_qsv_min_qp_2/1c21a0b93665",90632.8740234375,6041.1845703125,"-global_quality 25 -look_ahead 1 -bf 16 -refs 9 -min_qp_i 30 -min_qp_p 25 -min_qp_b 28",12.650097370147705,"00:00:12",0.6465814939612499,9.487674006622973,0.975806,0.991664,68.602832,93.941815
128,"h264_qsv","h264_qsv_LA-ICQ","veryslow",4,"-hwaccel qsv -c:v mpeg2_qsv","videos/dist/h264_qsv_min_qp_2/1c0f1b4184dd",90632.8740234375,6041.1845703125,"-global_quality 25 -look_ahead 1 -bf 16 -refs 9 -min_qp_i 30 -min_qp_p 25 -min_qp_b 31",12.654234886169434,"00:00:12",0.6465814939612499,9.484571851212987,0.975806,0.991664,68.602832,93.941815
129,"h264_qsv","h264_qsv_LA-ICQ","veryslow",4,"-hwaccel qsv -c:v mpeg2_qsv","videos/dist/h264_qsv_min_qp_2/752f9a089aa2",90632.8740234375,6041.1845703125,"-global_quality 25 -look_ahead 1 -bf 16 -refs 9 -min_qp_i 30 -min_qp_p 25 -min_qp_b 34",12.647252798080444,"00:00:12",0.6465814939612499,9.489807938227992,0.975806,0.991664,68.602832,93.941815
130,"h264_qsv","h264_qsv_LA-ICQ","veryslow",4,"-hwaccel qsv -c:v mpeg2_qsv","videos/dist/h264_qsv_min_qp_2/cd9366d9a761",90632.8740234375,6041.1845703125,"-global_quality 25 -look_ahead 1 -bf 16 -refs 9 -min_qp_i 30 -min_qp_p 25 -min_qp_b 37",12.646397113800049,"00:00:12",0.6465814939612499,9.490450040433359,0.975806,0.991664,68.602832,93.941815
131,"h264_qsv","h264_qsv_LA-ICQ","veryslow",4,"-hwaccel qsv -c:v mpeg2_qsv","videos/dist/h264_qsv_min_qp_2/70c37f71797f",90632.8740234375,6041.1845703125,"-global_quality 25 -look_ahead 1 -bf 16 -refs 9 -min_qp_i 30 -min_qp_p 28 -min_qp_b 25",12.64907193183899,"00:00:12",0.6465814939612499,9.48844315588858,0.975806,0.991664,68.602832,93.941815
132,"h264_qsv","h264_qsv_LA-ICQ","veryslow",4,"-hwaccel qsv -c:v mpeg2_qsv","videos/dist/h264_qsv_min_qp_2/2d76eb8f13fc",90632.8740234375,6041.1845703125,"-global_quality 25 -look_ahead 1 -bf 16 -refs 9 -min_qp_i 30 -min_qp_p 28 -min_qp_b 28",12.648418426513672,"00:00:12",0.6465814939612499,9.488933394898886,0.975806,0.991664,68.602832,93.941815
133,"h264_qsv","h264_qsv_LA-ICQ","veryslow",4,"-hwaccel qsv -c:v mpeg2_qsv","videos/dist/h264_qsv_min_qp_2/718458bf11ab",90632.8740234375,6041.1845703125,"-global_quality 25 -look_ahead 1 -bf 16 -refs 9 -min_qp_i 30 -min_qp_p 28 -min_qp_b 31",12.651983261108398,"00:00:12",0.6465814939612499,9.486259784182282,0.975806,0.991664,68.602832,93.941815
134,"h264_qsv","h264_qsv_LA-ICQ","veryslow",4,"-hwaccel qsv -c:v mpeg2_qsv","videos/dist/h264_qsv_min_qp_2/11934a932f6f",90632.8740234375,6041.1845703125,"-global_quality 25 -look_ahead 1 -bf 16 -refs 9 -min_qp_i 30 -min_qp_p 28 -min_qp_b 34",12.654371500015259,"00:00:12",0.6465814939612499,9.484469457835601,0.975806,0.991664,68.602832,93.941815
135,"h264_qsv","h264_qsv_LA-ICQ","veryslow",4,"-hwaccel qsv -c:v mpeg2_qsv","videos/dist/h264_qsv_min_qp_2/a29d1c14bece",90632.8740234375,6041.1845703125,"-global_quality 25 -look_ahead 1 -bf 16 -refs 9 -min_qp_i 30 -min_qp_p 28 -min_qp_b 37",12.65395474433899,"00:00:12",0.6465814939612499,9.484781827095869,0.975806,0.991664,68.602832,93.941815
136,"h264_qsv","h264_qsv_LA-ICQ","veryslow",4,"-hwaccel qsv -c:v mpeg2_qsv","videos/dist/h264_qsv_min_qp_2/d06562f26acc",90632.8740234375,6041.1845703125,"-global_quality 25 -look_ahead 1 -bf 16 -refs 9 -min_qp_i 30 -min_qp_p 31 -min_qp_b 25",12.655327796936035,"00:00:12",0.6465814939612499,9.483752766092545,0.975806,0.991664,68.602832,93.941815
137,"h264_qsv","h264_qsv_LA-ICQ","veryslow",4,"-hwaccel qsv -c:v mpeg2_qsv","videos/dist/h264_qsv_min_qp_2/49d1f29d5a63",90632.8740234375,6041.1845703125,"-global_quality 25 -look_ahead 1 -bf 16 -refs 9 -min_qp_i 30 -min_qp_p 31 -min_qp_b 28",12.650370597839355,"00:00:12",0.6465814939612499,9.487469088099209,0.975806,0.991664,68.602832,93.941815
138,"h264_qsv","h264_qsv_LA-ICQ","veryslow",4,"-hwaccel qsv -c:v mpeg2_qsv","videos/dist/h264_qsv_min_qp_2/d0a8dffbd183",90632.8740234375,6041.1845703125,"-global_quality 25 -look_ahead 1 -bf 16 -refs 9 -min_qp_i 30 -min_qp_p 31 -min_qp_b 31",12.654579639434814,"00:00:12",0.6465814939612499,9.484313459610137,0.975806,0.991664,68.602832,93.941815
139,"h264_qsv","h264_qsv_LA-ICQ","veryslow",4,"-hwaccel qsv -c:v mpeg2_qsv","videos/dist/h264_qsv_min_qp_2/3eab4258e87c",90632.8740234375,6041.1845703125,"-global_quality 25 -look_ahead 1 -bf 16 -refs 9 -min_qp_i 30 -min_qp_p 31 -min_qp_b 34",12.654410600662231,"00:00:12",0.6465814939612499,9.484440151935571,0.975806,0.991664,68.602832,93.941815
140,"h264_qsv","h264_qsv_LA-ICQ","veryslow",4,"-hwaccel qsv -c:v mpeg2_qsv","videos/dist/h264_qsv_min_qp_2/e37b4e4ed827",90632.8740234375,6041.1845703125,"-global_quality 25 -look_ahead 1 -bf 16 -refs 9 -min_qp_i 30 -min_qp_p 31 -min_qp_b 37",12.649280786514282,"00:00:12",0.6465814939612499,9.488286490403182,0.975806,0.991664,68.602832,93.941815
141,"h264_qsv","h264_qsv_LA-ICQ","veryslow",4,"-hwaccel qsv -c:v mpeg2_qsv","videos/dist/h264_qsv_min_qp_2/897cc0ea8009",90632.8740234375,6041.1845703125,"-global_quality 25 -look_ahead 1 -bf 16 -refs 9 -min_qp_i 30 -min_qp_p 34 -min_qp_b 25",12.65456485748291,"00:00:12",0.6465814939612499,9.48432453835263,0.975806,0.991664,68.602832,93.941815
142,"h264_qsv","h264_qsv_LA-ICQ","veryslow",4,"-hwaccel qsv -c:v mpeg2_qsv","videos/dist/h264_qsv_min_qp_2/d6a819282835",90632.8740234375,6041.1845703125,"-global_quality 25 -look_ahead 1 -bf 16 -refs 9 -min_qp_i 30 -min_qp_p 34 -min_qp_b 28",12.658209085464478,"00:00:12",0.6465814939612499,9.481594054076727,0.975806,0.991664,68.602832,93.941815
143,"h264_qsv","h264_qsv_LA-ICQ","veryslow",4,"-hwaccel qsv -c:v mpeg2_qsv","videos/dist/h264_qsv_min_qp_2/76240ffa34ee",90632.8740234375,6041.1845703125,"-global_quality 25 -look_ahead 1 -bf 16 -refs 9 -min_qp_i 30 -min_qp_p 34 -min_qp_b 31",12.653377771377563,"00:00:12",0.6465814939612499,9.485214317357215,0.975806,0.991664,68.602832,93.941815
144,"h264_qsv","h264_qsv_LA-ICQ","veryslow",4,"-hwaccel qsv -c:v mpeg2_qsv","videos/dist/h264_qsv_min_qp_2/8cdc5c2c84f0",90632.8740234375,6041.1845703125,"-global_quality 25 -look_ahead 1 -bf 16 -refs 9 -min_qp_i 30 -min_qp_p 34 -min_qp_b 34",12.65029788017273,"00:00:12",0.6465814939612499,9.48752362488726,0.975806,0.991664,68.602832,93.941815
145,"h264_qsv","h264_qsv_LA-ICQ","veryslow",4,"-hwaccel qsv -c:v mpeg2_qsv","videos/dist/h264_qsv_min_qp_2/3f32227f9e14",90632.8740234375,6041.1845703125,"-global_quality 25 -look_ahead 1 -bf 16 -refs 9 -min_qp_i 30 -min_qp_p 34 -min_qp_b 37",12.652573347091675,"00:00:12",0.6465814939612499,9.485817367546645,0.975806,0.991664,68.602832,93.941815
146,"h264_qsv","h264_qsv_LA-ICQ","veryslow",4,"-hwaccel qsv -c:v mpeg2_qsv","videos/dist/h264_qsv_min_qp_2/123f62c85990",90632.8740234375,6041.1845703125,"-global_quality 25 -look_ahead 1 -bf 16 -refs 9 -min_qp_i 30 -min_qp_p 37 -min_qp_b 25",12.648139953613281,"00:00:12",0.6465814939612499,9.489142311847447,0.975806,0.991664,68.602832,93.941815
147,"h264_qsv","h264_qsv_LA-ICQ","veryslow",4,"-hwaccel qsv -c:v mpeg2_qsv","videos/dist/h264_qsv_min_qp_2/1ac93f377d68",90632.8740234375,6041.1845703125,"-global_quality 25 -look_ahead 1 -bf 16 -refs 9 -min_qp_i 30 -min_qp_p 37 -min_qp_b 28",12.649761438369751,"00:00:12",0.6465814939612499,9.487925964828921,0.975806,0.991664,68.602832,93.941815
148,"h264_qsv","h264_qsv_LA-ICQ","veryslow",4,"-hwaccel qsv -c:v mpeg2_qsv","videos/dist/h264_qsv_min_qp_2/5196f2673ce9",90632.8740234375,6041.1845703125,"-global_quality 25 -look_ahead 1 -bf 16 -refs 9 -min_qp_i 30 -min_qp_p 37 -min_qp_b 31",12.649417877197266,"00:00:12",0.6465814939612499,9.488183659135535,0.975806,0.991664,68.602832,93.941815
149,"h264_qsv","h264_qsv_LA-ICQ","veryslow",4,"-hwaccel qsv -c:v mpeg2_qsv","videos/dist/h264_qsv_min_qp_2/c90611dd0803",90632.8740234375,6041.1845703125,"-global_quality 25 -look_ahead 1 -bf 16 -refs 9 -min_qp_i 30 -min_qp_p 37 -min_qp_b 34",12.650952339172363,"00:00:12",0.6465814939612499,9.487032816365176,0.975806,0.991664,68.602832,93.941815
150,"h264_qsv","h264_qsv_LA-ICQ","veryslow",4,"-hwaccel qsv -c:v mpeg2_qsv","videos/dist/h264_qsv_min_qp_2/cb2f6ae8307c",90632.8740234375,6041.1845703125,"-global_quality 25 -look_ahead 1 -bf 16 -refs 9 -min_qp_i 30 -min_qp_p 37 -min_qp_b 37",12.646353006362915,"00:00:12",0.6465814939612499,9.49048314084012,0.975806,0.991664,68.602832,93.941815
151,"h264_qsv","h264_qsv_LA-ICQ","veryslow",4,"-hwaccel qsv -c:v mpeg2_qsv","videos/dist/h264_qsv_min_qp_2/efe62dda3a59",82588.0654296875,5504.953125,"-global_quality 25 -look_ahead 1 -bf 16 -refs 9 -min_qp_i 31 -min_qp_p 25 -min_qp_b 25",12.611485481262207,"00:00:12",0.6779518357407193,9.516721894365446,0.97469,0.990385,67.259189,93.048995
152,"h264_qsv","h264_qsv_LA-ICQ","veryslow",4,"-hwaccel qsv -c:v mpeg2_qsv","videos/dist/h264_qsv_min_qp_2/fcc3bc01b34d",82588.0654296875,5504.953125,"-global_quality 25 -look_ahead 1 -bf 16 -refs 9 -min_qp_i 31 -min_qp_p 25 -min_qp_b 28",12.612634897232056,"00:00:12",0.6779518357407193,9.515854615464953,0.97469,0.990385,67.259189,93.048995
153,"h264_qsv","h264_qsv_LA-ICQ","veryslow",4,"-hwaccel qsv -c:v mpeg2_qsv","videos/dist/h264_qsv_min_qp_2/e5f723bab504",82588.0654296875,5504.953125,"-global_quality 25 -look_ahead 1 -bf 16 -refs 9 -min_qp_i 31 -min_qp_p 25 -min_qp_b 31",12.60820746421814,"00:00:12",0.6779518357407193,9.519196153823971,0.97469,0.990385,67.259189,93.048995
154,"h264_qsv","h264_qsv_LA-ICQ","veryslow",4,"-hwaccel qsv -c:v mpeg2_qsv","videos/dist/h264_qsv_min_qp_2/15d2b656eaee",82588.0654296875,5504.953125,"-global_quality 25 -look_ahead 1 -bf 16 -refs 9 -min_qp_i 31 -min_qp_p 25 -min_qp_b 34",12.607187271118164,"00:00:12",0.6779518357407193,9.519966461904957,0.97469,0.990385,67.259189,93.048995
155,"h264_qsv","h264_qsv_LA-ICQ","veryslow",4,"-hwaccel qsv -c:v mpeg2_qsv","videos/dist/h264_qsv_min_qp_2/803c99035194",82588.0654296875,5504.953125,"-global_quality 25 -look_ahead 1 -bf 16 -refs 9 -min_qp_i 31 -min_qp_p 25 -min_qp_b 37",12.611984729766846,"00:00:12",0.6779518357407193,9.516345172598283,0.97469,0.990385,67.259189,93.048995
156,"h264_qsv","h264_qsv_LA-ICQ","veryslow",4,"-hwaccel qsv -c:v mpeg2_qsv","videos/dist/h264_qsv_min_qp_2/712d0e1bea27",82588.0654296875,5504.953125,"-global_quality 25 -look_ahead 1 -bf 16 -refs 9 -min_qp_i 31 -min_qp_p 28 -min_qp_b 25",12.607402324676514,"00:00:12",0.6779518357407193,9.519804072967863,0.97469,0.990385,67.259189,93.048995
157,"h264_qsv","h264_qsv_LA-ICQ","veryslow",4,"-hwaccel qsv -c:v mpeg2_qsv","videos/dist/h264_qsv_min_qp_2/c862893d4e6e",82588.0654296875,5504.953125,"-global_quality 25 -look_ahead 1 -bf 16 -refs 9 -min_qp_i 31 -min_qp_p 28 -min_qp_b 28",12.607702016830444,"00:00:12",0.6779518357407193,9.519577781881367,0.97469,0.990385,67.259189,93.048995
158,"h264_qsv","h264_qsv_LA-ICQ","veryslow",4,"-hwaccel qsv -c:v mpeg2_qsv","videos/dist/h264_qsv_min_qp_2/0c04df7617db",82588.0654296875,5504.953125,"-global_quality 25 -look_ahead 1 -bf 16 -refs 9 -min_qp_i 31 -min_qp_p 28 -min_qp_b 31",12.60889196395874,"00:00:12",0.6779518357407193,9.518679384601374,0.97469,0.990385,67.259189,93.048995
159,"h264_qsv","h264_qsv_LA-ICQ","veryslow",4,"-hwaccel qsv -c:v mpeg2_qsv","videos/dist/h264_qsv_min_qp_2/f58f0107afe7",82588.0654296875,5504.953125,"-global_quality 25 -look_ahead 1 -bf 16 -refs 9 -min_qp_i 31 -min_qp_p 28 -min_qp_b 34",12.608380317687988,"00:00:12",0.6779518357407193,9.519065651249976,0.97469,0.990385,67.259189,93.048995
160,"h264_qsv","h264_qsv_LA-ICQ","veryslow",4,"-hwaccel qsv -c:v mpeg2_qsv","videos/dist/h264_qsv_min_qp_2/cac63f1385fe",82588.0654296875,5504.953125,"-global_quality 25 -look_ahead 1 -bf 16 -refs 9 -min_qp_i 31 -min_qp_p 28 -min_qp_b 37",12.611860036849976,"00:00:12",0.6779518357407193,9.516439260293044,0.97469,0.990385,67.259189,93.048995
161,"h264_qsv","h264_qsv_LA-ICQ","veryslow",4,"-hwaccel qsv -c:v mpeg2_qsv","videos/dist/h264_qsv_min_qp_2/21aee5cac66f",82588.0654296875,5504.953125,"-global_quality 25 -look_ahead 1 -bf 16 -refs 9 -min_qp_i 31 -min_qp_p 31 -min_qp_b 25",12.606103420257568,"00:00:12",0.6779518357407193,9.520784972074086,0.97469,0.990385,67.259189,93.048995
162,"h264_qsv","h264_qsv_LA-ICQ","veryslow",4,"-hwaccel qsv -c:v mpeg2_qsv","videos/dist/h264_qsv_min_qp_2/f6f7da56bacc",82588.0654296875,5504.953125,"-global_quality 25 -look_ahead 1 -bf 16 -refs 9 -min_qp_i 31 -min_qp_p 31 -min_qp_b 28",12.605188608169556,"00:00:12",0.6779518357407193,9.521475935886732,0.97469,0.990385,67.259189,93.048995
163,"h264_qsv","h264_qsv_LA-ICQ","veryslow",4,"-hwaccel qsv -c:v mpeg2_qsv","videos/dist/h264_qsv_min_qp_2/25d6b3b382de",82588.0654296875,5504.953125,"-global_quality 25 -look_ahead 1 -bf 16 -refs 9 -min_qp_i 31 -min_qp_p 31 -min_qp_b 31",12.60512638092041,"00:00:12",0.6779518357407193,9.521522940195725,0.97469,0.990385,67.259189,93.048995
164,"h264_qsv","h264_qsv_LA-ICQ","veryslow",4,"-hwaccel qsv -c:v mpeg2_qsv","videos/dist/h264_qsv_min_qp_2/431145ba41db",82588.0654296875,5504.953125,"-global_quality 25 -look_ahead 1 -bf 16 -refs 9 -min_qp_i 31 -min_qp_p 31 -min_qp_b 34",12.609636068344116,"00:00:12",0.6779518357407193,9.518117679962582,0.97469,0.990385,67.259189,93.048995
165,"h264_qsv","h264_qsv_LA-ICQ","veryslow",4,"-hwaccel qsv -c:v mpeg2_qsv","videos/dist/h264_qsv_min_qp_2/a91ad6a9c64d",82588.0654296875,5504.953125,"-global_quality 25 -look_ahead 1 -bf 16 -refs 9 -min_qp_i 31 -min_qp_p 31 -min_qp_b 37",12.607045888900757,"00:00:12",0.6779518357407193,9.52007322394738,0.97469,0.990385,67.259189,93.048995
166,"h264_qsv","h264_qsv_LA-ICQ","veryslow",4,"-hwaccel qsv -c:v mpeg2_qsv","videos/dist/h264_qsv_min_qp_2/32110bb0ae8b",82588.0654296875,5504.953125,"-global_quality 25 -look_ahead 1 -bf 16 -refs 9 -min_qp_i 31 -min_qp_p 34 -min_qp_b 25",12.610095739364624,"00:00:12",0.6779518357407193,9.517770719641447,0.97469,0.990385,67.259189,93.048995
167,"h264_qsv","h264_qsv_LA-ICQ","veryslow",4,"-hwaccel qsv -c:v mpeg2_qsv","videos/dist/h264_qsv_min_qp_2/4791a969410b",82588.0654296875,5504.953125,"-global_quality 25 -look_ahead 1 -bf 16 -refs 9 -min_qp_i 31 -min_qp_p 34 -min_qp_b 28",12.614477157592773,"00:00:12",0.6779518357407193,9.514464888285824,0.97469,0.990385,67.259189,93.048995
168,"h264_qsv","h264_qsv_LA-ICQ","veryslow",4,"-hwaccel qsv -c:v mpeg2_qsv","videos/dist/h264_qsv_min_qp_2/a71ca37fac7c",82588.0654296875,5504.953125,"-global_quality 25 -look_ahead 1 -bf 16 -refs 9 -min_qp_i 31 -min_qp_p 34 -min_qp_b 31",12.612720727920532,"00:00:12",0.6779518357407193,9.515789859226334,0.97469,0.990385,67.259189,93.048995
169,"h264_qsv","h264_qsv_LA-ICQ","veryslow",4,"-hwaccel qsv -c:v mpeg2_qsv","videos/dist/h264_qsv_min_qp_2/c2cdf9e25b50",82588.0654296875,5504.953125,"-global_quality 25 -look_ahead 1 -bf 16 -refs 9 -min_qp_i 31 -min_qp_p 34 -min_qp_b 34",12.612114429473877,"00:00:12",0.6779518357407193,9.51624730897773,0.97469,0.990385,67.259189,93.048995
170,"h264_qsv","h264_qsv_LA-ICQ","veryslow",4,"-hwaccel qsv -c:v mpeg2_qsv","videos/dist/h264_qsv_min_qp_2/037ea35c8443",82588.0654296875,5504.953125,"-global_quality 25 -look_ahead 1 -bf 16 -refs 9 -min_qp_i 31 -min_qp_p 34 -min_qp_b 37",12.61034631729126,"00:00:12",0.6779518357407193,9.517581593729034,0.97469,0.990385,67.259189,93.048995
171,"h264_qsv","h264_qsv_LA-ICQ","veryslow",4,"-hwaccel qsv -c:v mpeg2_qsv","videos/dist/h264_qsv_min_qp_2/6814227301d0",82588.0654296875,5504.953125,"-global_quality 25 -look_ahead 1 -bf 16 -refs 9 -min_qp_i 31 -min_qp_p 37 -min_qp_b 25",12.615578413009644,"00:00:12",0.6779518357407193,9.513634339288876,0.97469,0.990385,67.259189,93.048995
172,"h264_qsv","h264_qsv_LA-ICQ","veryslow",4,"-hwaccel qsv -c:v mpeg2_qsv","videos/dist/h264_qsv_min_qp_2/5451297fdc1b",82588.0654296875,5504.953125,"-global_quality 25 -look_ahead 1 -bf 16 -refs 9 -min_qp_i 31 -min_qp_p 37 -min_qp_b 28",12.608295917510986,"00:00:12",0.6779518357407193,9.51912937205976,0.97469,0.990385,67.259189,93.048995
173,"h264_qsv","h264_qsv_LA-ICQ","veryslow",4,"-hwaccel qsv -c:v mpeg2_qsv","videos/dist/h264_qsv_min_qp_2/aad2b16f0793",82588.0654296875,5504.953125,"-global_quality 25 -look_ahead 1 -bf 16 -refs 9 -min_qp_i 31 -min_qp_p 37 -min_qp_b 31",12.604172229766846,"00:00:12",0.6779518357407193,9.522243731052233,0.97469,0.990385,67.259189,93.048995
174,"h264_qsv","h264_qsv_LA-ICQ","veryslow",4,"-hwaccel qsv -c:v mpeg2_qsv","videos/dist/h264_qsv_min_qp_2/cb5d7d95f5f9",82588.0654296875,5504.953125,"-global_quality 25 -look_ahead 1 -bf 16 -refs 9 -min_qp_i 31 -min_qp_p 37 -min_qp_b 34",12.611615180969238,"00:00:12",0.6779518357407193,9.516624022996563,0.97469,0.990385,67.259189,93.048995
175,"h264_qsv","h264_qsv_LA-ICQ","veryslow",4,"-hwaccel qsv -c:v mpeg2_qsv","videos/dist/h264_qsv_min_qp_2/1bc7cca9cc59",82588.0654296875,5504.953125,"-global_quality 25 -look_ahead 1 -bf 16 -refs 9 -min_qp_i 31 -min_qp_p 37 -min_qp_b 37",12.611281156539917,"00:00:12",0.6779518357407193,9.516876081837285,0.97469,0.990385,67.259189,93.048995
176,"h264_qsv","h264_qsv_LA-ICQ","veryslow",4,"-hwaccel qsv -c:v mpeg2_qsv","videos/dist/h264_qsv_min_qp_2/f473e35f9d94",73254.125,4882.7939453125,"-global_quality 25 -look_ahead 1 -bf 16 -refs 9 -min_qp_i 32 -min_qp_p 25 -min_qp_b 25",12.574629306793213,"00:00:12",0.7143490847263553,9.544615357779286,0.971409,0.988903,64.286966,91.985297
177,"h264_qsv","h264_qsv_LA-ICQ","veryslow",4,"-hwaccel qsv -c:v mpeg2_qsv","videos/dist/h264_qsv_min_qp_2/6ca75933754e",73254.125,4882.7939453125,"-global_quality 25 -look_ahead 1 -bf 16 -refs 9 -min_qp_i 32 -min_qp_p 25 -min_qp_b 28",12.573919773101807,"00:00:12",0.7143490847263553,9.545153950858458,0.971409,0.988903,64.286966,91.985297
178,"h264_qsv","h264_qsv_LA-ICQ","veryslow",4,"-hwaccel qsv -c:v mpeg2_qsv","videos/dist/h264_qsv_min_qp_2/f3febe4c337e",73254.125,4882.7939453125,"-global_quality 25 -look_ahead 1 -bf 16 -refs 9 -min_qp_i 32 -min_qp_p 25 -min_qp_b 31",12.571091890335083,"00:00:12",0.7143490847263553,9.547301145119611,0.971409,0.988903,64.286966,91.985297
179,"h264_qsv","h264_qsv_LA-ICQ","veryslow",4,"-hwaccel qsv -c:v mpeg2_qsv","videos/dist/h264_qsv_min_qp_2/d416899206fb",73254.125,4882.7939453125,"-global_quality 25 -look_ahead 1 -bf 16 -refs 9 -min_qp_i 32 -min_qp_p 25 -min_qp_b 34",12.574646472930908,"00:00:12",0.7143490847263553,9.544602328054607,0.971409,0.988903,64.286966,91.985297
180,"h264_qsv","h264_qsv_LA-ICQ","veryslow",4,"-hwaccel qsv -c:v mpeg2_qsv","videos/dist/h264_qsv_min_qp_2/cd799cf2b002",73254.125,4882.7939453125,"-global_quality 25 -look_ahead 1 -bf 16 -refs 9 -min_qp_i 32 -min_qp_p 25 -min_qp_b 37",12.576642274856567,"00:00:12",0.7143490847263553,9.543087684059042,0.971409,0.988903,64.286966,91.985297
181,"h264_qsv","h264_qsv_LA-ICQ","veryslow",4,"-hwaccel qsv -c:v mpeg2_qsv","videos/dist/h264_qsv_min_qp_2/d4232c900671",73254.125,4882.7939453125,"-global_quality 25 -look_ahead 1 -bf 16 -refs 9 -min_qp_i 32 -min_qp_p 28 -min_qp_b 25",12.577476978302002,"00:00:12",0.7143490847263553,9.542454357662681,0.971409,0.988903,64.286966,91.985297
182,"h264_qsv","h264_qsv_LA-ICQ","veryslow",4,"-hwaccel qsv -c:v mpeg2_qsv","videos/dist/h264_qsv_min_qp_2/600c04a920f7",73254.125,4882.7939453125,"-global_quality 25 -look_ahead 1 -bf 16 -refs 9 -min_qp_i 32 -min_qp_p 28 -min_qp_b 28",12.57283878326416,"00:00:12",0.7143490847263553,9.545974625854576,0.971409,0.988903,64.286966,91.985297
183,"h264_qsv","h264_qsv_LA-ICQ","veryslow",4,"-hwaccel qsv -c:v mpeg2_qsv","videos/dist/h264_qsv_min_qp_2/ec29feceaa1b",73254.125,4882.7939453125,"-global_quality 25 -look_ahead 1 -bf 16 -refs 9 -min_qp_i 32 -min_qp_p 28 -min_qp_b 31",12.571484565734863,"00:00:12",0.7143490847263553,9.547002931310862,0.971409,0.988903,64.286966,91.985297
184,"h264_qsv","h264_qsv_LA-ICQ","veryslow",4,"-hwaccel qsv -c:v mpeg2_qsv","videos/dist/h264_qsv_min_qp_2/6cc835a42231",73254.125,4882.7939453125,"-global_quality 25 -look_ahead 1 -bf 16 -refs 9 -min_qp_i 32 -min_qp_p 28 -min_qp_b 34",12.57527756690979,"00:00:12",0.7143490847263553,9.544123329398076,0.971409,0.988903,64.286966,91.985297
185,"h264_qsv","h264_qsv_LA-ICQ","veryslow",4,"-hwaccel qsv -c:v mpeg2_qsv","videos/dist/h264_qsv_min_qp_2/ab2c3313674c",73254.125,4882.7939453125,"-global_quality 25 -look_ahead 1 -bf 16 -refs 9 -min_qp_i 32 -min_qp_p 28 -min_qp_b 37",12.574645757675171,"00:00:12",0.7143490847263553,9.54460287095909,0.971409,0.988903,64.286966,91.985297
186,"h264_qsv","h264_qsv_LA-ICQ","veryslow",4,"-hwaccel qsv -c:v mpeg2_qsv","videos/dist/h264_qsv_min_qp_2/56b7c5dc98e5",73254.125,4882.7939453125,"-global_quality 25 -look_ahead 1 -bf 16 -refs 9 -min_qp_i 32 -min_qp_p 31 -min_qp_b 25",12.571343183517456,"00:00:12",0.7143490847263553,9.547110300620913,0.971409,0.988903,64.286966,91.985297
187,"h264_qsv","h264_qsv_LA-ICQ","veryslow",4,"-hwaccel qsv -c:v mpeg2_qsv","videos/dist/h264_qsv_min_qp_2/1991b81df179",73254.125,4882.7939453125,"-global_quality 25 -look_ahead 1 -bf 16 -refs 9 -min_qp_i 32 -min_qp_p 31 -min_qp_b 28",12.573661804199219,"00:00:12",0.7143490847263553,9.545349785049648,0.971409,0.988903,64.286966,91.985297
188,"h264_qsv","h264_qsv_LA-ICQ","veryslow",4,"-hwaccel qsv -c:v mpeg2_qsv","videos/dist/h264_qsv_min_qp_2/c033c67b163e",73254.125,4882.7939453125,"-global_quality 25 -look_ahead 1 -bf 16 -refs 9 -min_qp_i 32 -min_qp_p 31 -min_qp_b 31",12.575648784637451,"00:00:12",0.7143490847263553,9.543841598583583,0.971409,0.988903,64.286966,91.985297
189,"h264_qsv","h264_qsv_LA-ICQ","veryslow",4,"-hwaccel qsv -c:v mpeg2_qsv","videos/dist/h264_qsv_min_qp_2/d74777789455",73254.125,4882.7939453125,"-global_quality 25 -look_ahead 1 -bf 16 -refs 9 -min_qp_i 32 -min_qp_p 31 -min_qp_b 34",12.573978185653687,"00:00:12",0.7143490847263553,9.545109608742374,0.971409,0.988903,64.286966,91.985297
190,"h264_qsv","h264_qsv_LA-ICQ","veryslow",4,"-hwaccel qsv -c:v mpeg2_qsv","videos/dist/h264_qsv_min_qp_2/2370ba9a6961",73254.125,4882.7939453125,"-global_quality 25 -look_ahead 1 -bf 16 -refs 9 -min_qp_i 32 -min_qp_p 31 -min_qp_b 37",12.579240560531616,"00:00:12",0.7143490847263553,9.541116526268878,0.971409,0.988903,64.286966,91.985297
191,"h264_qsv","h264_qsv_LA-ICQ","veryslow",4,"-hwaccel qsv -c:v mpeg2_qsv","videos/dist/h264_qsv_min_qp_2/0f3161028a70",73254.125,4882.7939453125,"-global_quality 25 -look_ahead 1 -bf 16 -refs 9 -min_qp_i 32 -min_qp_p 34 -min_qp_b 25",12.577890634536743,"00:00:12",0.7143490847263553,9.542140529545195,0.971409,0.988903,64.286966,91.985297
192,"h264_qsv","h264_qsv_LA-ICQ","veryslow",4,"-hwaccel qsv -c:v mpeg2_qsv","videos/dist/h264_qsv_min_qp_2/28a97c136109",73254.125,4882.7939453125,"-global_quality 25 -look_ahead 1 -bf 16 -refs 9 -min_qp_i 32 -min_qp_p 34 -min_qp_b 28",12.57696795463562,"00:00:12",0.7143490847263553,9.542840566415135,0.971409,0.988903,64.286966,91.985297
193,"h264_qsv","h264_qsv_LA-ICQ","veryslow",4,"-hwaccel qsv -c:v mpeg2_qsv","videos/dist/h264_qsv_min_qp_2/1f4519939945",73254.125,4882.7939453125,"-global_quality 25 -look_ahead 1 -bf 16 -refs 9 -min_qp_i 32 -min_qp_p 34 -min_qp_b 31",12.569843530654907,"00:00:12",0.7143490847263553,9.548249324448573,0.971409,0.988903,64.286966,91.985297
194,"h264_qsv","h264_qsv_LA-ICQ","veryslow",4,"-hwaccel qsv -c:v mpeg2_qsv","videos/dist/h264_qsv_min_qp_2/1b1cb2966ceb",73254.125,4882.7939453125,"-global_quality 25 -look_ahead 1 -bf 16 -refs 9 -min_qp_i 32 -min_qp_p 34 -min_qp_b 34",12.571046113967896,"00:00:12",0.7143490847263553,9.547335910783415,0.971409,0.988903,64.286966,91.985297
195,"h264_qsv","h264_qsv_LA-ICQ","veryslow",4,"-hwaccel qsv -c:v mpeg2_qsv","videos/dist/h264_qsv_min_qp_2/59c4e846fa15",73254.125,4882.7939453125,"-global_quality 25 -look_ahead 1 -bf 16 -refs 9 -min_qp_i 32 -min_qp_p 34 -min_qp_b 37",12.572888851165771,"00:00:12",0.7143490847263553,9.545936611765372,0.971409,0.988903,64.286966,91.985297
196,"h264_qsv","h264_qsv_LA-ICQ","veryslow",4,"-hwaccel qsv -c:v mpeg2_qsv","videos/dist/h264_qsv_min_qp_2/3eb1439d9e60",73254.125,4882.7939453125,"-global_quality 25 -look_ahead 1 -bf 16 -refs 9 -min_qp_i 32 -min_qp_p 37 -min_qp_b 25",12.5739107131958,"00:00:12",0.7143490847263553,9.545160828448063,0.971409,0.988903,64.286966,91.985297
197,"h264_qsv","h264_qsv_LA-ICQ","veryslow",4,"-hwaccel qsv -c:v mpeg2_qsv","videos/dist/h264_qsv_min_qp_2/c98abfd72e51",73254.125,4882.7939453125,"-global_quality 25 -look_ahead 1 -bf 16 -refs 9 -min_qp_i 32 -min_qp_p 37 -min_qp_b 28",12.57095742225647,"00:00:12",0.7143490847263553,9.547403269977552,0.971409,0.988903,64.286966,91.985297
198,"h264_qsv","h264_qsv_LA-ICQ","veryslow",4,"-hwaccel qsv -c:v mpeg2_qsv","videos/dist/h264_qsv_min_qp_2/ced0dc30d8f6",73254.125,4882.7939453125,"-global_quality 25 -look_ahead 1 -bf 16 -refs 9 -min_qp_i 32 -min_qp_p 37 -min_qp_b 31",12.578683137893677,"00:00:12",0.7143490847263553,9.541539339554232,0.971409,0.988903,64.286966,91.985297
199,"h264_qsv","h264_qsv_LA-ICQ","veryslow",4,"-hwaccel qsv -c:v mpeg2_qsv","videos/dist/h264_qsv_min_qp_2/786ba2f478c1",73254.125,4882.7939453125,"-global_quality 25 -look_ahead 1 -bf 16 -refs 9 -min_qp_i 32 -min_qp_p 37 -min_qp_b 34",12.570029020309448,"00:00:12",0.7143490847263553,9.548108425691236,0.971409,0.988903,64.286966,91.985297
200,"h264_qsv","h264_qsv_LA-ICQ","veryslow",4,"-hwaccel qsv -c:v mpeg2_qsv","videos/dist/h264_qsv_min_qp_2/3a7d9fc6d444",73254.125,4882.7939453125,"-global_quality 25 -look_ahead 1 -bf 16 -refs 9 -min_qp_i 32 -min_qp_p 37 -min_qp_b 37",12.575044870376587,"00:00:12",0.7143490847263553,9.54429993985427,0.971409,0.988903,64.286966,91.985297
201,"h264_qsv","h264_qsv_LA-ICQ","veryslow",4,"-hwaccel qsv -c:v mpeg2_qsv","videos/dist/h264_qsv_min_qp_2/4add238a6ab2",63608.8310546875,4239.8818359375,"-global_quality 25 -look_ahead 1 -bf 16 -refs 9 -min_qp_i 33 -min_qp_p 25 -min_qp_b 25",12.532490253448486,"00:00:12",0.7519604416780882,9.576708026321812,0.965684,0.986947,59.492628,90.550554
202,"h264_qsv","h264_qsv_LA-ICQ","veryslow",4,"-hwaccel qsv -c:v mpeg2_qsv","videos/dist/h264_qsv_min_qp_2/c4b927dbfa3d",63608.8310546875,4239.8818359375,"-global_quality 25 -look_ahead 1 -bf 16 -refs 9 -min_qp_i 33 -min_qp_p 25 -min_qp_b 28",12.528219223022461,"00:00:12",0.7519604416780882,9.579972848770513,0.965684,0.986947,59.492628,90.550554
203,"h264_qsv","h264_qsv_LA-ICQ","veryslow",4,"-hwaccel qsv -c:v mpeg2_qsv","videos/dist/h264_qsv_min_qp_2/2cfabbf27c9e",63608.8310546875,4239.8818359375,"-global_quality 25 -look_ahead 1 -bf 16 -refs 9 -min_qp_i 33 -min_qp_p 25 -min_qp_b 31",12.526204109191895,"00:00:12",0.7519604416780882,9.581513996880167,0.965684,0.986947,59.492628,90.550554
204,"h264_qsv","h264_qsv_LA-ICQ","veryslow",4,"-hwaccel qsv -c:v mpeg2_qsv","videos/dist/h264_qsv_min_qp_2/c1d5d5e085eb",63608.8310546875,4239.8818359375,"-global_quality 25 -look_ahead 1 -bf 16 -refs 9 -min_qp_i 33 -min_qp_p 25 -min_qp_b 34",12.529179096221924,"00:00:12",0.7519604416780882,9.57923891727201,0.965684,0.986947,59.492628,90.550554
205,"h264_qsv","h264_qsv_LA-ICQ","veryslow",4,"-hwaccel qsv -c:v mpeg2_qsv","videos/dist/h264_qsv_min_qp_2/c0cf191e1489",63608.8310546875,4239.8818359375,"-global_quality 25 -look_ahead 1 -bf 16 -refs 9 -min_qp_i 33 -min_qp_p 25 -min_qp_b 37",12.53007435798645,"00:00:12",0.7519604416780882,9.578554489862332,0.965684,0.986947,59.492628,90.550554
206,"h264_qsv","h264_qsv_LA-ICQ","veryslow",4,"-hwaccel qsv -c:v mpeg2_qsv","videos/dist/h264_qsv_min_qp_2/bbc303dc3a95",63608.8310546875,4239.8818359375,"-global_quality 25 -look_ahead 1 -bf 16 -refs 9 -min_qp_i 33 -min_qp_p 28 -min_qp_b 25",12.530889987945557,"00:00:12",0.7519604416780882,9.577931026084869,0.965684,0.986947,59.492628,90.550554
207,"h264_qsv","h264_qsv_LA-ICQ","veryslow",4,"-hwaccel qsv -c:v mpeg2_qsv","videos/dist/h264_qsv_min_qp_2/935a04a00f1e",63608.8310546875,4239.8818359375,"-global_quality 25 -look_ahead 1 -bf 16 -refs 9 -min_qp_i 33 -min_qp_p 28 -min_qp_b 28",12.528583288192749,"00:00:12",0.7519604416780882,9.579694466581058,0.965684,0.986947,59.492628,90.550554
208,"h264_qsv","h264_qsv_LA-ICQ","veryslow",4,"-hwaccel qsv -c:v mpeg2_qsv","videos/dist/h264_qsv_min_qp_2/737fb90b8a69",63608.8310546875,4239.8818359375,"-global_quality 25 -look_ahead 1 -bf 16 -refs 9 -min_qp_i 33 -min_qp_p 28 -min_qp_b 31",12.531774997711182,"00:00:12",0.7519604416780882,9.577254620508315,0.965684,0.986947,59.492628,90.550554
209,"h264_qsv","h264_qsv_LA-ICQ","veryslow",4,"-hwaccel qsv -c:v mpeg2_qsv","videos/dist/h264_qsv_min_qp_2/e4390bf68f35",63608.8310546875,4239.8818359375,"-global_quality 25 -look_ahead 1 -bf 16 -refs 9 -min_qp_i 33 -min_qp_p 28 -min_qp_b 34",12.538912534713745,"00:00:12",0.7519604416780882,9.57180295083221,0.965684,0.986947,59.492628,90.550554
210,"h264_qsv","h264_qsv_LA-ICQ","veryslow",4,"-hwaccel qsv -c:v mpeg2_qsv","videos/dist/h264_qsv_min_qp_2/28a484e40051",63608.8310546875,4239.8818359375,"-global_quality 25 -look_ahead 1 -bf 16 -refs 9 -min_qp_i 33 -min_qp_p 28 -min_qp_b 37",12.5379159450531,"00:00:12",0.7519604416780882,9.57256377582867,0.965684,0.986947,59.492628,90.550554
211,"h264_qsv","h264_qsv_LA-ICQ","veryslow",4,"-hwaccel qsv -c:v mpeg2_qsv","videos/dist/h264_qsv_min_qp_2/df56551a05ee",63608.8310546875,4239.8818359375,"-global_quality 25 -look_ahead 1 -bf 16 -refs 9 -min_qp_i 33 -min_qp_p 31 -min_qp_b 25",12.524292230606079,"00:00:12",0.7519604416780882,9.582976649706612,0.965684,0.986947,59.492628,90.550554
212,"h264_qsv","h264_qsv_LA-ICQ","veryslow",4,"-hwaccel qsv -c:v mpeg2_qsv","videos/dist/h264_qsv_min_qp_2/130ecee6fb71",63608.8310546875,4239.8818359375,"-global_quality 25 -look_ahead 1 -bf 16 -refs 9 -min_qp_i 33 -min_qp_p 31 -min_qp_b 28",12.526024580001831,"00:00:12",0.7519604416780882,9.581651323885751,0.965684,0.986947,59.492628,90.550554
213,"h264_qsv","h264_qsv_LA-ICQ","veryslow",4,"-hwaccel qsv -c:v mpeg2_qsv","videos/dist/h264_qsv_min_qp_2/9995ecf69197",63608.8310546875,4239.8818359375,"-global_quality 25 -look_ahead 1 -bf 16 -refs 9 -min_qp_i 33 -min_qp_p 31 -min_qp_b 31",12.531314373016357,"00:00:12",0.7519604416780882,9.577606660195096,0.965684,0.986947,59.492628,90.550554
214,"h264_qsv","h264_qsv_LA-ICQ","veryslow",4,"-hwaccel qsv -c:v mpeg2_qsv","videos/dist/h264_qsv_min_qp_2/aa5927bf38a7",63608.8310546875,4239.8818359375,"-global_quality 25 -look_ahead 1 -bf 16 -refs 9 -min_qp_i 33 -min_qp_p 31 -min_qp_b 34",12.533491849899292,"00:00:12",0.7519604416780882,9.575942717109946,0.965684,0.986947,59.492628,90.550554
215,"h264_qsv","h264_qsv_LA-ICQ","veryslow",4,"-hwaccel qsv -c:v mpeg2_qsv","videos/dist/h264_qsv_min_qp_2/6a96549984eb",63608.8310546875,4239.8818359375,"-global_quality 25 -look_ahead 1 -bf 16 -refs 9 -min_qp_i 33 -min_qp_p 31 -min_qp_b 37",12.532136678695679,"00:00:12",0.7519604416780882,9.576978218249966,0.965684,0.986947,59.492628,90.550554
216,"h264_qsv","h264_qsv_LA-ICQ","veryslow",4,"-hwaccel qsv -c:v mpeg2_qsv","videos/dist/h264_qsv_min_qp_2/d64d46a16554",63608.8310546875,4239.8818359375,"-global_quality 25 -look_ahead 1 -bf 16 -refs 9 -min_qp_i 33 -min_qp_p 34 -min_qp_b 25",12.535647869110107,"00:00:12",0.7519604416780882,9.574295740689156,0.965684,0.986947,59.492628,90.550554
217,"h264_qsv","h264_qsv_LA-ICQ","veryslow",4,"-hwaccel qsv -c:v mpeg2_qsv","videos/dist/h264_qsv_min_qp_2/17f2c1bbe79e",63608.8310546875,4239.8818359375,"-global_quality 25 -look_ahead 1 -bf 16 -refs 9 -min_qp_i 33 -min_qp_p 34 -min_qp_b 28",12.533003330230713,"00:00:12",0.7519604416780882,9.576315974519941,0.965684,0.986947,59.492628,90.550554
218,"h264_qsv","h264_qsv_LA-ICQ","veryslow",4,"-hwaccel qsv -c:v mpeg2_qsv","videos/dist/h264_qsv_min_qp_2/7caf38f55b0f",63608.8310546875,4239.8818359375,"-global_quality 25 -look_ahead 1 -bf 16 -refs 9 -min_qp_i 33 -min_qp_p 34 -min_qp_b 31",12.53119683265686,"00:00:12",0.7519604416780882,9.577696496413056,0.965684,0.986947,59.492628,90.550554
219,"h264_qsv","h264_qsv_LA-ICQ","veryslow",4,"-hwaccel qsv -c:v mpeg2_qsv","videos/dist/h264_qsv_min_qp_2/a5e706b392ee",63608.8310546875,4239.8818359375,"-global_quality 25 -look_ahead 1 -bf 16 -refs 9 -min_qp_i 33 -min_qp_p 34 -min_qp_b 34",12.529516220092773,"00:00:12",0.7519604416780882,9.57898117467071,0.965684,0.986947,59.492628,90.550554
220,"h264_qsv","h264_qsv_LA-ICQ","veryslow",4,"-hwaccel qsv -c:v mpeg2_qsv","videos/dist/h264_qsv_min_qp_2/55db1401df67",63608.8310546875,4239.8818359375,"-global_quality 25 -look_ahead 1 -bf 16 -refs 9 -min_qp_i 33 -min_qp_p 34 -min_qp_b 37",12.52516794204712,"00:00:12",0.7519604416780882,9.582306644934604,0.965684,0.986947,59.492628,90.550554
221,"h264_qsv","h264_qsv_LA-ICQ","veryslow",4,"-hwaccel qsv -c:v mpeg2_qsv","videos/dist/h264_qsv_min_qp_2/3f7619b37602",63608.8310546875,4239.8818359375,"-global_quality 25 -look_ahead 1 -bf 16 -refs 9 -min_qp_i 33 -min_qp_p 37 -min_qp_b 25",12.533486366271973,"00:00:12",0.7519604416780882,9.575946906758345,0.965684,0.986947,59.492628,90.550554
222,"h264_qsv","h264_qsv_LA-ICQ","veryslow",4,"-hwaccel qsv -c:v mpeg2_qsv","videos/dist/h264_qsv_min_qp_2/95ac60e8cdaa",63608.8310546875,4239.8818359375,"-global_quality 25 -look_ahead 1 -bf 16 -refs 9 -min_qp_i 33 -min_qp_p 37 -min_qp_b 28",12.53236699104309,"00:00:12",0.7519604416780882,9.576802218270382,0.965684,0.986947,59.492628,90.550554
223,"h264_qsv","h264_qsv_LA-ICQ","veryslow",4,"-hwaccel qsv -c:v mpeg2_qsv","videos/dist/h264_qsv_min_qp_2/da29413678c7",63608.8310546875,4239.8818359375,"-global_quality 25 -look_ahead 1 -bf 16 -refs 9 -min_qp_i 33 -min_qp_p 37 -min_qp_b 31",12.529733896255493,"00:00:12",0.7519604416780882,9.578814761251069,0.965684,0.986947,59.492628,90.550554
224,"h264_qsv","h264_qsv_LA-ICQ","veryslow",4,"-hwaccel qsv -c:v mpeg2_qsv","videos/dist/h264_qsv_min_qp_2/394efaeb293c",63608.8310546875,4239.8818359375,"-global_quality 25 -look_ahead 1 -bf 16 -refs 9 -min_qp_i 33 -min_qp_p 37 -min_qp_b 34",12.524931192398071,"00:00:12",0.7519604416780882,9.582487772295739,0.965684,0.986947,59.492628,90.550554
225,"h264_qsv","h264_qsv_LA-ICQ","veryslow",4,"-hwaccel qsv -c:v mpeg2_qsv","videos/dist/h264_qsv_min_qp_2/96cab38a631c",63608.8310546875,4239.8818359375,"-global_quality 25 -look_ahead 1 -bf 16 -refs 9 -min_qp_i 33 -min_qp_p 37 -min_qp_b 37",12.52931022644043,"00:00:12",0.7519604416780882,9.57913866213668,0.965684,0.986947,59.492628,90.550554
226,"h264_qsv","h264_qsv_LA-ICQ","veryslow",4,"-hwaccel qsv -c:v mpeg2_qsv","videos/dist/h264_qsv_min_qp_2/88bab18063d1",51465.859375,3430.4853515625,"-global_quality 25 -look_ahead 1 -bf 16 -refs 9 -min_qp_i 34 -min_qp_p 25 -min_qp_b 25",12.4967782497406,"00:00:12",0.7993113720788633,9.604075354581193,0.958727,0.984666,55.261633,88.746879
227,"h264_qsv","h264_qsv_LA-ICQ","veryslow",4,"-hwaccel qsv -c:v mpeg2_qsv","videos/dist/h264_qsv_min_qp_2/2edfa14b5383",51465.859375,3430.4853515625,"-global_quality 25 -look_ahead 1 -bf 16 -refs 9 -min_qp_i 34 -min_qp_p 25 -min_qp_b 28",12.495954751968384,"00:00:12",0.7993113720788633,9.60470827417923,0.958727,0.984666,55.261633,88.746879
228,"h264_qsv","h264_qsv_LA-ICQ","veryslow",4,"-hwaccel qsv -c:v mpeg2_qsv","videos/dist/h264_qsv_min_qp_2/43d1c2644bde",51465.859375,3430.4853515625,"-global_quality 25 -look_ahead 1 -bf 16 -refs 9 -min_qp_i 34 -min_qp_p 25 -min_qp_b 31",12.494764804840088,"00:00:12",0.7993113720788633,9.60562298487667,0.958727,0.984666,55.261633,88.746879
229,"h264_qsv","h264_qsv_LA-ICQ","veryslow",4,"-hwaccel qsv -c:v mpeg2_qsv","videos/dist/h264_qsv_min_qp_2/aeef3c54731b",51465.859375,3430.4853515625,"-global_quality 25 -look_ahead 1 -bf 16 -refs 9 -min_qp_i 34 -min_qp_p 25 -min_qp_b 34",12.49622893333435,"00:00:12",0.7993113720788633,9.604497536039878,0.958727,0.984666,55.261633,88.746879
230,"h264_qsv","h264_qsv_LA-ICQ","veryslow",4,"-hwaccel qsv -c:v mpeg2_qsv","videos/dist/h264_qsv_min_qp_2/68f131d91d41",51465.859375,3430.4853515625,"-global_quality 25 -look_ahead 1 -bf 16 -refs 9 -min_qp_i 34 -min_qp_p 25 -min_qp_b 37",12.496179103851318,"00:00:12",0.7993113720788633,9.60453583471846,0.958727,0.984666,55.261633,88.746879
231,"h264_qsv","h264_qsv_LA-ICQ","veryslow",4,"-hwaccel qsv -c:v mpeg2_qsv","videos/dist/h264_qsv_min_qp_2/c5e347cc4145",51465.859375,3430.4853515625,"-global_quality 25 -look_ahead 1 -bf 16 -refs 9 -min_qp_i 34 -min_qp_p 28 -min_qp_b 25",12.497496604919434,"00:00:12",0.7993113720788633,9.603523313041437,0.958727,0.984666,55.261633,88.746879
232,"h264_qsv","h264_qsv_LA-ICQ","veryslow",4,"-hwaccel qsv -c:v mpeg2_qsv","videos/dist/h264_qsv_min_qp_2/ba46006045bd",51465.859375,3430.4853515625,"-global_quality 25 -look_ahead 1 -bf 16 -refs 9 -min_qp_i 34 -min_qp_p 28 -min_qp_b 28",12.501189708709717,"00:00:12",0.7993113720788633,9.600686238397033,0.958727,0.984666,55.261633,88.746879
233,"h264_qsv","h264_qsv_LA-ICQ","veryslow",4,"-hwaccel qsv -c:v mpeg2_qsv","videos/dist/h264_qsv_min_qp_2/d1f1939f9940",51465.859375,3430.4853515625,"-global_quality 25 -look_ahead 1 -bf 16 -refs 9 -min_qp_i 34 -min_qp_p 28 -min_qp_b 31",12.506906986236572,"00:00:12",0.7993113720788633,9.596297480430449,0.958727,0.984666,55.261633,88.746879
234,"h264_qsv","h264_qsv_LA-ICQ","veryslow",4,"-hwaccel qsv -c:v mpeg2_qsv","videos/dist/h264_qsv_min_qp_2/de37010b5244",51465.859375,3430.4853515625,"-global_quality 25 -look_ahead 1 -bf 16 -refs 9 -min_qp_i 34 -min_qp_p 28 -min_qp_b 34",12.50236201286316,"00:00:12",0.7993113720788633,9.599786014556003,0.958727,0.984666,55.261633,88.746879
235,"h264_qsv","h264_qsv_LA-ICQ","veryslow",4,"-hwaccel qsv -c:v mpeg2_qsv","videos/dist/h264_qsv_min_qp_2/3939a20d1e38",51465.859375,3430.4853515625,"-global_quality 25 -look_ahead 1 -bf 16 -refs 9 -min_qp_i 34 -min_qp_p 28 -min_qp_b 37",12.50006365776062,"00:00:12",0.7993113720788633,9.601551102940665,0.958727,0.984666,55.261633,88.746879
236,"h264_qsv","h264_qsv_LA-ICQ","veryslow",4,"-hwaccel qsv -c:v mpeg2_qsv","videos/dist/h264_qsv_min_qp_2/3be0ccaaaa42",51465.859375,3430.4853515625,"-global_quality 25 -look_ahead 1 -bf 16 -refs 9 -min_qp_i 34 -min_qp_p 31 -min_qp_b 25",12.50164008140564,"00:00:12",0.7993113720788633,9.600340372821337,0.958727,0.984666,55.261633,88.746879
237,"h264_qsv","h264_qsv_LA-ICQ","veryslow",4,"-hwaccel qsv -c:v mpeg2_qsv","videos/dist/h264_qsv_min_qp_2/da54a620b860",51465.859375,3430.4853515625,"-global_quality 25 -look_ahead 1 -bf 16 -refs 9 -min_qp_i 34 -min_qp_p 31 -min_qp_b 28",12.504652261734009,"00:00:12",0.7993113720788633,9.598027797004644,0.958727,0.984666,55.261633,88.746879
238,"h264_qsv","h264_qsv_LA-ICQ","veryslow",4,"-hwaccel qsv -c:v mpeg2_qsv","videos/dist/h264_qsv_min_qp_2/ab2970857956",51465.859375,3430.4853515625,"-global_quality 25 -look_ahead 1 -bf 16 -refs 9 -min_qp_i 34 -min_qp_p 31 -min_qp_b 31",12.49570107460022,"00:00:12",0.7993113720788633,9.604903261007294,0.958727,0.984666,55.261633,88.746879
239,"h264_qsv","h264_qsv_LA-ICQ","veryslow",4,"-hwaccel qsv -c:v mpeg2_qsv","videos/dist/h264_qsv_min_qp_2/5afdb0814ba7",51465.859375,3430.4853515625,"-global_quality 25 -look_ahead 1 -bf 16 -refs 9 -min_qp_i 34 -min_qp_p 31 -min_qp_b 34",12.51282525062561,"00:00:12",0.7993113720788633,9.591758663296229,0.958727,0.984666,55.261633,88.746879
240,"h264_qsv","h264_qsv_LA-ICQ","veryslow",4,"-hwaccel qsv -c:v mpeg2_qsv","videos/dist/h264_qsv_min_qp_2/567ee2d23c89",51465.859375,3430.4853515625,"-global_quality 25 -look_ahead 1 -bf 16 -refs 9 -min_qp_i 34 -min_qp_p 31 -min_qp_b 37",12.506623029708862,"00:00:12",0.7993113720788633,9.596515359493802,0.958727,0.984666,55.261633,88.746879
241,"h264_qsv","h264_qsv_LA-ICQ","veryslow",4,"-hwaccel qsv -c:v mpeg2_qsv","videos/dist/h264_qsv_min_qp_2/117ddca3a54f",51465.859375,3430.4853515625,"-global_quality 25 -look_ahead 1 -bf 16 -refs 9 -min_qp_i 34 -min_qp_p 34 -min_qp_b 25",12.496988534927368,"00:00:12",0.7993113720788633,9.603913748065029,0.958727,0.984666,55.261633,88.746879
242,"h264_qsv","h264_qsv_LA-ICQ","veryslow",4,"-hwaccel qsv -c:v mpeg2_qsv","videos/dist/h264_qsv_min_qp_2/61f9473e4f7c",51465.859375,3430.4853515625,"-global_quality 25 -look_ahead 1 -bf 16 -refs 9 -min_qp_i 34 -min_qp_p 34 -min_qp_b 28",12.49897289276123,"00:00:12",0.7993113720788633,9.602389014661314,0.958727,0.984666,55.261633,88.746879
243,"h264_qsv","h264_qsv_LA-ICQ","veryslow",4,"-hwaccel qsv -c:v mpeg2_qsv","videos/dist/h264_qsv_min_qp_2/8e9ed32fd9e8",51465.859375,3430.4853515625,"-global_quality 25 -look_ahead 1 -bf 16 -refs 9 -min_qp_i 34 -min_qp_p 34 -min_qp_b 31",12.498756885528564,"00:00:12",0.7993113720788633,9.602554966003279,0.958727,0.984666,55.261633,88.746879
244,"h264_qsv","h264_qsv_LA-ICQ","veryslow",4,"-hwaccel qsv -c:v mpeg2_qsv","videos/dist/h264_qsv_min_qp_2/762420eac58c",51465.859375,3430.4853515625,"-global_quality 25 -look_ahead 1 -bf 16 -refs 9 -min_qp_i 34 -min_qp_p 34 -min_qp_b 34",12.495241641998291,"00:00:12",0.7993113720788633,9.605256419899527,0.958727,0.984666,55.261633,88.746879
245,"h264_qsv","h264_qsv_LA-ICQ","veryslow",4,"-hwaccel qsv -c:v mpeg2_qsv","videos/dist/h264_qsv_min_qp_2/5d95cb989730",51465.859375,3430.4853515625,"-global_quality 25 -look_ahead 1 -bf 16 -refs 9 -min_qp_i 34 -min_qp_p 34 -min_qp_b 37",12.493354082107544,"00:00:12",0.7993113720788633,9.606707631210709,0.958727,0.984666,55.261633,88.746879
246,"h264_qsv","h264_qsv_LA-ICQ","veryslow",4,"-hwaccel qsv -c:v mpeg2_qsv","videos/dist/h264_qsv_min_qp_2/60bfdc2196c8",51465.859375,3430.4853515625,"-global_quality 25 -look_ahead 1 -bf 16 -refs 9 -min_qp_i 34 -min_qp_p 37 -min_qp_b 25",12.498398542404175,"00:00:12",0.7993113720788633,9.602830282039728,0.958727,0.984666,55.261633,88.746879
247,"h264_qsv","h264_qsv_LA-ICQ","veryslow",4,"-hwaccel qsv -c:v mpeg2_qsv","videos/dist/h264_qsv_min_qp_2/acdd65b561da",51465.859375,3430.4853515625,"-global_quality 25 -look_ahead 1 -bf 16 -refs 9 -min_qp_i 34 -min_qp_p 37 -min_qp_b 28",12.505185842514038,"00:00:12",0.7993113720788633,9.597618261055064,0.958727,0.984666,55.261633,88.746879
248,"h264_qsv","h264_qsv_LA-ICQ","veryslow",4,"-hwaccel qsv -c:v mpeg2_qsv","videos/dist/h264_qsv_min_qp_2/59f782fe73d5",51465.859375,3430.4853515625,"-global_quality 25 -look_ahead 1 -bf 16 -refs 9 -min_qp_i 34 -min_qp_p 37 -min_qp_b 31",12.498532056808472,"00:00:12",0.7993113720788633,9.602727700699868,0.958727,0.984666,55.261633,88.746879
249,"h264_qsv","h264_qsv_LA-ICQ","veryslow",4,"-hwaccel qsv -c:v mpeg2_qsv","videos/dist/h264_qsv_min_qp_2/2483dadbc7c2",51465.859375,3430.4853515625,"-global_quality 25 -look_ahead 1 -bf 16 -refs 9 -min_qp_i 34 -min_qp_p 37 -min_qp_b 34",12.495919704437256,"00:00:12",0.7993113720788633,9.60473521267757,0.958727,0.984666,55.261633,88.746879
250,"h264_qsv","h264_qsv_LA-ICQ","veryslow",4,"-hwaccel qsv -c:v mpeg2_qsv","videos/dist/h264_qsv_min_qp_2/e399b9933714",51465.859375,3430.4853515625,"-global_quality 25 -look_ahead 1 -bf 16 -refs 9 -min_qp_i 34 -min_qp_p 37 -min_qp_b 37",12.493096590042114,"00:00:12",0.7993113720788633,9.606905632640707,0.958727,0.984666,55.261633,88.746879
251,"h264_qsv","h264_qsv_LA-ICQ","veryslow",4,"-hwaccel qsv -c:v mpeg2_qsv","videos/dist/h264_qsv_min_qp_2/78702d8e2559",43258.029296875,2883.3876953125,"-global_quality 25 -look_ahead 1 -bf 16 -refs 9 -min_qp_i 35 -min_qp_p 25 -min_qp_b 25",12.467760562896729,"00:00:12",0.8313174082471604,9.626428049731077,0.952976,0.982559,51.500625,87.046778
252,"h264_qsv","h264_qsv_LA-ICQ","veryslow",4,"-hwaccel qsv -c:v mpeg2_qsv","videos/dist/h264_qsv_min_qp_2/d5f7f6987fca",43258.029296875,2883.3876953125,"-global_quality 25 -look_ahead 1 -bf 16 -refs 9 -min_qp_i 35 -min_qp_p 25 -min_qp_b 28",12.467772960662842,"00:00:12",0.8313174082471604,9.626418477355655,0.952976,0.982559,51.500625,87.046778
253,"h264_qsv","h264_qsv_LA-ICQ","veryslow",4,"-hwaccel qsv -c:v mpeg2_qsv","videos/dist/h264_qsv_min_qp_2/ee27610ecb2a",43258.029296875,2883.3876953125,"-global_quality 25 -look_ahead 1 -bf 16 -refs 9 -min_qp_i 35 -min_qp_p 25 -min_qp_b 31",12.479997396469116,"00:00:12",0.8313174082471604,9.616989185747464,0.952976,0.982559,51.500625,87.046778
254,"h264_qsv","h264_qsv_LA-ICQ","veryslow",4,"-hwaccel qsv -c:v mpeg2_qsv","videos/dist/h264_qsv_min_qp_2/886cf86fe09d",43258.029296875,2883.3876953125,"-global_quality 25 -look_ahead 1 -bf 16 -refs 9 -min_qp_i 35 -min_qp_p 25 -min_qp_b 34",12.4688138961792,"00:00:12",0.8313174082471604,9.625614833883883,0.952976,0.982559,51.500625,87.046778
255,"h264_qsv","h264_qsv_LA-ICQ","veryslow",4,"-hwaccel qsv -c:v mpeg2_qsv","videos/dist/h264_qsv_min_qp_2/ad65b70efaae",43258.029296875,2883.3876953125,"-global_quality 25 -look_ahead 1 -bf 16 -refs 9 -min_qp_i 35 -min_qp_p 25 -min_qp_b 37",12.465110301971436,"00:00:12",0.8313174082471604,9.628474766165374,0.952976,0.982559,51.500625,87.046778
256,"h264_qsv","h264_qsv_LA-ICQ","veryslow",4,"-hwaccel qsv -c:v mpeg2_qsv","videos/dist/h264_qsv_min_qp_2/7e036e85b973",43258.029296875,2883.3876953125,"-global_quality 25 -look_ahead 1 -bf 16 -refs 9 -min_qp_i 35 -min_qp_p 28 -min_qp_b 25",12.463349103927612,"00:00:12",0.8313174082471604,9.629835367620228,0.952976,0.982559,51.500625,87.046778
257,"h264_qsv","h264_qsv_LA-ICQ","veryslow",4,"-hwaccel qsv -c:v mpeg2_qsv","videos/dist/h264_qsv_min_qp_2/d921de109049",43258.029296875,2883.3876953125,"-global_quality 25 -look_ahead 1 -bf 16 -refs 9 -min_qp_i 35 -min_qp_p 28 -min_qp_b 28",12.468964099884033,"00:00:12",0.8313174082471604,9.625498881748824,0.952976,0.982559,51.500625,87.046778
258,"h264_qsv","h264_qsv_LA-ICQ","veryslow",4,"-hwaccel qsv -c:v mpeg2_qsv","videos/dist/h264_qsv_min_qp_2/e447b357d76c",43258.029296875,2883.3876953125,"-global_quality 25 -look_ahead 1 -bf 16 -refs 9 -min_qp_i 35 -min_qp_p 28 -min_qp_b 31",12.467961549758911,"00:00:12",0.8313174082471604,9.626272869146021,0.952976,0.982559,51.500625,87.046778
259,"h264_qsv","h264_qsv_LA-ICQ","veryslow",4,"-hwaccel qsv -c:v mpeg2_qsv","videos/dist/h264_qsv_min_qp_2/cefe8e666abe",43258.029296875,2883.3876953125,"-global_quality 25 -look_ahead 1 -bf 16 -refs 9 -min_qp_i 35 -min_qp_p 28 -min_qp_b 34",12.472182512283325,"00:00:12",0.8313174082471604,9.623015048232126,0.952976,0.982559,51.500625,87.046778
260,"h264_qsv","h264_qsv_LA-ICQ","veryslow",4,"-hwaccel qsv -c:v mpeg2_qsv","videos/dist/h264_qsv_min_qp_2/a4308d0cf36d",43258.029296875,2883.3876953125,"-global_quality 25 -look_ahead 1 -bf 16 -refs 9 -min_qp_i 35 -min_qp_p 28 -min_qp_b 37",12.468664407730103,"00:00:12",0.8313174082471604,9.62573023663963,0.952976,0.982559,51.500625,87.046778
261,"h264_qsv","h264_qsv_LA-ICQ","veryslow",4,"-hwaccel qsv -c:v mpeg2_qsv","videos/dist/h264_qsv_min_qp_2/ea4aac4d0b6c",43258.029296875,2883.3876953125,"-global_quality 25 -look_ahead 1 -bf 16 -refs 9 -min_qp_i 35 -min_qp_p 31 -min_qp_b 25",12.463772773742676,"00:00:12",0.8313174082471604,9.629508029289903,0.952976,0.982559,51.500625,87.046778
262,"h264_qsv","h264_qsv_LA-ICQ","veryslow",4,"-hwaccel qsv -c:v mpeg2_qsv","videos/dist/h264_qsv_min_qp_2/6007b37dd042",43258.029296875,2883.3876953125,"-global_quality 25 -look_ahead 1 -bf 16 -refs 9 -min_qp_i 35 -min_qp_p 31 -min_qp_b 28",12.45356798171997,"00:00:12",0.8313174082471604,9.637398709845398,0.952976,0.982559,51.500625,87.046778
263,"h264_qsv","h264_qsv_LA-ICQ","veryslow",4,"-hwaccel qsv -c:v mpeg2_qsv","videos/dist/h264_qsv_min_qp_2/43eacab26670",43258.029296875,2883.3876953125,"-global_quality 25 -look_ahead 1 -bf 16 -refs 9 -min_qp_i 35 -min_qp_p 31 -min_qp_b 31",12.468592882156372,"00:00:12",0.8313174082471604,9.625785454247923,0.952976,0.982559,51.500625,87.046778
264,"h264_qsv","h264_qsv_LA-ICQ","veryslow",4,"-hwaccel qsv -c:v mpeg2_qsv","videos/dist/h264_qsv_min_qp_2/e9cdba9e959e",43258.029296875,2883.3876953125,"-global_quality 25 -look_ahead 1 -bf 16 -refs 9 -min_qp_i 35 -min_qp_p 31 -min_qp_b 34",12.471013069152832,"00:00:12",0.8313174082471604,9.62391742631323,0.952976,0.982559,51.500625,87.046778
265,"h264_qsv","h264_qsv_LA-ICQ","veryslow",4,"-hwaccel qsv -c:v mpeg2_qsv","videos/dist/h264_qsv_min_qp_2/03741dec58fa",43258.029296875,2883.3876953125,"-global_quality 25 -look_ahead 1 -bf 16 -refs 9 -min_qp_i 35 -min_qp_p 31 -min_qp_b 37",12.467643737792969,"00:00:12",0.8313174082471604,9.626518251895929,0.952976,0.982559,51.500625,87.046778
266,"h264_qsv","h264_qsv_LA-ICQ","veryslow",4,"-hwaccel qsv -c:v mpeg2_qsv","videos/dist/h264_qsv_min_qp_2/f78bd496207f",43258.029296875,2883.3876953125,"-global_quality 25 -look_ahead 1 -bf 16 -refs 9 -min_qp_i 35 -min_qp_p 34 -min_qp_b 25",12.468467712402344,"00:00:12",0.8313174082471604,9.62588208658683,0.952976,0.982559,51.500625,87.046778
267,"h264_qsv","h264_qsv_LA-ICQ","veryslow",4,"-hwaccel qsv -c:v mpeg2_qsv","videos/dist/h264_qsv_min_qp_2/8d11fe02d6af",43258.029296875,2883.3876953125,"-global_quality 25 -look_ahead 1 -bf 16 -refs 9 -min_qp_i 35 -min_qp_p 34 -min_qp_b 28",12.465293645858765,"00:00:12",0.8313174082471604,9.62833314719972,0.952976,0.982559,51.500625,87.046778
268,"h264_qsv","h264_qsv_LA-ICQ","veryslow",4,"-hwaccel qsv -c:v mpeg2_qsv","videos/dist/h264_qsv_min_qp_2/94f37a9df2f3",43258.029296875,2883.3876953125,"-global_quality 25 -look_ahead 1 -bf 16 -refs 9 -min_qp_i 35 -min_qp_p 34 -min_qp_b 31",12.468219518661499,"00:00:12",0.8313174082471604,9.626073700448009,0.952976,0.982559,51.500625,87.046778
269,"h264_qsv","h264_qsv_LA-ICQ","veryslow",4,"-hwaccel qsv -c:v mpeg2_qsv","videos/dist/h264_qsv_min_qp_2/95effe9fd277",43258.029296875,2883.3876953125,"-global_quality 25 -look_ahead 1 -bf 16 -refs 9 -min_qp_i 35 -min_qp_p 34 -min_qp_b 34",12.470803499221802,"00:00:12",0.8313174082471604,9.624079154762518,0.952976,0.982559,51.500625,87.046778
270,"h264_qsv","h264_qsv_LA-ICQ","veryslow",4,"-hwaccel qsv -c:v mpeg2_qsv","videos/dist/h264_qsv_min_qp_2/5ec4b7e3db2d",43258.029296875,2883.3876953125,"-global_quality 25 -look_ahead 1 -bf 16 -refs 9 -min_qp_i 35 -min_qp_p 34 -min_qp_b 37",12.47570252418518,"00:00:12",0.8313174082471604,9.620299920371723,0.952976,0.982559,51.500625,87.046778
271,"h264_qsv","h264_qsv_LA-ICQ","veryslow",4,"-hwaccel qsv -c:v mpeg2_qsv","videos/dist/h264_qsv_min_qp_2/64d98dc568ae",43258.029296875,2883.3876953125,"-global_quality 25 -look_ahead 1 -bf 16 -refs 9 -min_qp_i 35 -min_qp_p 37 -min_qp_b 25",12.471661806106567,"00:00:12",0.8313174082471604,9.623416820141319,0.952976,0.982559,51.500625,87.046778
272,"h264_qsv","h264_qsv_LA-ICQ","veryslow",4,"-hwaccel qsv -c:v mpeg2_qsv","videos/dist/h264_qsv_min_qp_2/98943416d961",43258.029296875,2883.3876953125,"-global_quality 25 -look_ahead 1 -bf 16 -refs 9 -min_qp_i 35 -min_qp_p 37 -min_qp_b 28",12.481157779693604,"00:00:12",0.8313174082471604,9.61609508656867,0.952976,0.982559,51.500625,87.046778
273,"h264_qsv","h264_qsv_LA-ICQ","veryslow",4,"-hwaccel qsv -c:v mpeg2_qsv","videos/dist/h264_qsv_min_qp_2/c93a092a112f",43258.029296875,2883.3876953125,"-global_quality 25 -look_ahead 1 -bf 16 -refs 9 -min_qp_i 35 -min_qp_p 37 -min_qp_b 31",12.464102745056152,"00:00:12",0.8313174082471604,9.629253100276758,0.952976,0.982559,51.500625,87.046778
274,"h264_qsv","h264_qsv_LA-ICQ","veryslow",4,"-hwaccel qsv -c:v mpeg2_qsv","videos/dist/h264_qsv_min_qp_2/7c5f5e9b1bb0",43258.029296875,2883.3876953125,"-global_quality 25 -look_ahead 1 -bf 16 -refs 9 -min_qp_i 35 -min_qp_p 37 -min_qp_b 34",12.465333223342896,"00:00:12",0.8313174082471604,9.628302577202472,0.952976,0.982559,51.500625,87.046778
275,"h264_qsv","h264_qsv_LA-ICQ","veryslow",4,"-hwaccel qsv -c:v mpeg2_qsv","videos/dist/h264_qsv_min_qp_2/5ee2bc45a52b",43258.029296875,2883.3876953125,"-global_quality 25 -look_ahead 1 -bf 16 -refs 9 -min_qp_i 35 -min_qp_p 37 -min_qp_b 37",12.46656847000122,"00:00:12",0.8313174082471604,9.627348559373711,0.952976,0.982559,51.500625,87.046778
276,"h264_qsv","h264_qsv_LA-ICQ","veryslow",4,"-hwaccel qsv -c:v mpeg2_qsv","videos/dist/h264_qsv_min_qp_2/411c689ba833",35406.7958984375,2360.0595703125,"-global_quality 25 -look_ahead 1 -bf 16 -refs 9 -min_qp_i 36 -min_qp_p 25 -min_qp_b 25",12.440474271774292,"00:00:12",0.8619329129206608,9.647542157802512,0.945831,0.980054,47.291127,84.959824
277,"h264_qsv","h264_qsv_LA-ICQ","veryslow",4,"-hwaccel qsv -c:v mpeg2_qsv","videos/dist/h264_qsv_min_qp_2/8d8c72486205",35406.7958984375,2360.0595703125,"-global_quality 25 -look_ahead 1 -bf 16 -refs 9 -min_qp_i 36 -min_qp_p 25 -min_qp_b 28",12.4396231174469,"00:00:12",0.8619329129206608,9.648202270024466,0.945831,0.980054,47.291127,84.959824
278,"h264_qsv","h264_qsv_LA-ICQ","veryslow",4,"-hwaccel qsv -c:v mpeg2_qsv","videos/dist/h264_qsv_min_qp_2/9895c50d332f",35406.7958984375,2360.0595703125,"-global_quality 25 -look_ahead 1 -bf 16 -refs 9 -min_qp_i 36 -min_qp_p 25 -min_qp_b 31",12.44032073020935,"00:00:12",0.8619329129206608,9.647661230192435,0.945831,0.980054,47.291127,84.959824
279,"h264_qsv","h264_qsv_LA-ICQ","veryslow",4,"-hwaccel qsv -c:v mpeg2_qsv","videos/dist/h264_qsv_min_qp_2/5457caaab235",35406.7958984375,2360.0595703125,"-global_quality 25 -look_ahead 1 -bf 16 -refs 9 -min_qp_i 36 -min_qp_p 25 -min_qp_b 34",12.43363070487976,"00:00:12",0.8619329129206608,9.652852239925092,0.945831,0.980054,47.291127,84.959824
280,"h264_qsv","h264_qsv_LA-ICQ","veryslow",4,"-hwaccel qsv -c:v mpeg2_qsv","videos/dist/h264_qsv_min_qp_2/f0b80460a4cd",35406.7958984375,2360.0595703125,"-global_quality 25 -look_ahead 1 -bf 16 -refs 9 -min_qp_i 36 -min_qp_p 25 -min_qp_b 37",12.436113119125366,"00:00:12",0.8619329129206608,9.65092540171756,0.945831,0.980054,47.291127,84.959824
281,"h264_qsv","h264_qsv_LA-ICQ","veryslow",4,"-hwaccel qsv -c:v mpeg2_qsv","videos/dist/h264_qsv_min_qp_2/50e75a9ab3d8",35406.7958984375,2360.0595703125,"-global_quality 25 -look_ahead 1 -bf 16 -refs 9 -min_qp_i 36 -min_qp_p 28 -min_qp_b 25",12.434017419815063,"00:00:12",0.8619329129206608,9.652552023027896,0.945831,0.980054,47.291127,84.959824
282,"h264_qsv","h264_qsv_LA-ICQ","veryslow",4,"-hwaccel qsv -c:v mpeg2_qsv","videos/dist/h264_qsv_min_qp_2/be9a656b75b0",35406.7958984375,2360.0595703125,"-global_quality 25 -look_ahead 1 -bf 16 -refs 9 -min_qp_i 36 -min_qp_p 28 -min_qp_b 28",12.435516834259033,"00:00:12",0.8619329129206608,9.651388165014,0.945831,0.980054,47.291127,84.959824
283,"h264_qsv","h264_qsv_LA-ICQ","veryslow",4,"-hwaccel qsv -c:v mpeg2_qsv","videos/dist/h264_qsv_min_qp_2/8e3e6ab1dafc",35406.7958984375,2360.0595703125,"-global_quality 25 -look_ahead 1 -bf 16 -refs 9 -min_qp_i 36 -min_qp_p 28 -min_qp_b 31",12.440443992614746,"00:00:12",0.8619329129206608,9.647565639236808,0.945831,0.980054,47.291127,84.959824
284,"h264_qsv","h264_qsv_LA-ICQ","veryslow",4,"-hwaccel qsv -c:v mpeg2_qsv","videos/dist/h264_qsv_min_qp_2/e7fc07b6bda4",35406.7958984375,2360.0595703125,"-global_quality 25 -look_ahead 1 -bf 16 -refs 9 -min_qp_i 36 -min_qp_p 28 -min_qp_b 34",12.441967010498047,"00:00:12",0.8619329129206608,9.646384683284548,0.945831,0.980054,47.291127,84.959824
285,"h264_qsv","h264_qsv_LA-ICQ","veryslow",4,"-hwaccel qsv -c:v mpeg2_qsv","videos/dist/h264_qsv_min_qp_2/102c59097e19",35406.7958984375,2360.0595703125,"-global_quality 25 -look_ahead 1 -bf 16 -refs 9 -min_qp_i 36 -min_qp_p 28 -min_qp_b 37",12.434241533279419,"00:00:12",0.8619329129206608,9.65237804644332,0.945831,0.980054,47.291127,84.959824
286,"h264_qsv","h264_qsv_LA-ICQ","veryslow",4,"-hwaccel qsv -c:v mpeg2_qsv","videos/dist/h264_qsv_min_qp_2/2e066a767ea9",35406.7958984375,2360.0595703125,"-global_quality 25 -look_ahead 1 -bf 16 -refs 9 -min_qp_i 36 -min_qp_p 31 -min_qp_b 25",12.436944723129272,"00:00:12",0.8619329129206608,9.650280086619349,0.945831,0.980054,47.291127,84.959824
